{"seq":1,"timestamp":"2025-12-09T11:30:53.094508701Z","timestamp_unix":1765279853,"event_type":"OrderPlaced","order_id":1,"user_id":4,"symbol":"RELIANCE","side":"Buy","order_type":"Limit","qty":10,"price":1000000,"time_in_force":"GTC"}
{"seq":2,"timestamp":"2025-12-09T11:32:24.776606295Z","timestamp_unix":1765279944,"event_type":"UserRegistered","user_id":1,"regno":"NEWTEST001","name":"Test Logger User","initial_cash":527000000,"initial_portfolio_value":473000000}
{"seq":3,"timestamp":"2025-12-09T11:52:30.162241934Z","timestamp_unix":1765281150,"event_type":"UserRegistered","user_id":2,"regno":"TESTUSER01","name":"Test User","initial_cash":480000000,"initial_portfolio_value":520000000}
{"seq":4,"timestamp":"2025-12-09T12:04:58.239478766Z","timestamp_unix":1765281898,"event_type":"OrderPlaced","order_id":2,"user_id":2,"symbol":"RELIANCE","side":"Buy","order_type":"Limit","qty":10,"price":1000000,"time_in_force":"GTC"}
{"seq":5,"timestamp":"2025-12-09T12:05:08.905570202Z","timestamp_unix":1765281908,"event_type":"OrderPlaced","order_id":3,"user_id":2,"symbol":"RELIANCE","side":"Buy","order_type":"Limit","qty":10,"price":1000000,"time_in_force":"GTC"}
{"seq":6,"timestamp":"2025-12-09T12:05:15.765705368Z","timestamp_unix":1765281915,"event_type":"OrderPlaced","order_id":4,"user_id":2,"symbol":"RELIANCE","side":"Sell","order_type":"Limit","qty":10,"price":1000000,"time_in_force":"GTC"}
{"seq":7,"timestamp":"2025-12-09T12:05:15.765967666Z","timestamp_unix":1765281915,"event_type":"TradeExecuted","trade_id":1,"symbol":"RELIANCE","buyer_id":2,"seller_id":4,"qty":10,"price":1000000,"buyer_order_id":4,"seller_order_id":1}
{"seq":8,"timestamp":"2025-12-09T12:05:28.461650172Z","timestamp_unix":1765281928,"event_type":"OrderPlaced","order_id":5,"user_id":2,"symbol":"RELIANCE","side":"Sell","order_type":"Limit","qty":10,"price":1000000,"time_in_force":"IOC"}
{"seq":9,"timestamp":"2025-12-09T12:05:28.461940340Z","timestamp_unix":1765281928,"event_type":"TradeExecuted","trade_id":2,"symbol":"RELIANCE","buyer_id":2,"seller_id":2,"qty":10,"price":1000000,"buyer_order_id":5,"seller_order_id":2}
{"seq":10,"timestamp":"2025-12-09T12:27:43.368729249Z","timestamp_unix":1765283263,"event_type":"OrderPlaced","order_id":6,"user_id":2,"symbol":"RELIANCE","side":"Sell","order_type":"Limit","qty":36,"price":1000000,"time_in_force":"GTC"}
{"seq":11,"timestamp":"2025-12-09T12:27:43.369061869Z","timestamp_unix":1765283263,"event_type":"TradeExecuted","trade_id":3,"symbol":"RELIANCE","buyer_id":2,"seller_id":2,"qty":10,"price":1000000,"buyer_order_id":6,"seller_order_id":3}
{"seq":12,"timestamp":"2025-12-09T12:27:50.995425616Z","timestamp_unix":1765283270,"event_type":"OrderPlaced","order_id":7,"user_id":2,"symbol":"HDFCBANK","side":"Sell","order_type":"Limit","qty":58,"price":1000000,"time_in_force":"GTC"}
{"seq":13,"timestamp":"2025-12-09T12:27:58.460497Z","timestamp_unix":1765283278,"event_type":"OrderPlaced","order_id":8,"user_id":2,"symbol":"ADANIENT","side":"Sell","order_type":"Limit","qty":41,"price":1000000,"time_in_force":"GTC"}
{"seq":14,"timestamp":"2025-12-09T12:28:09.468347419Z","timestamp_unix":1765283289,"event_type":"OrderPlaced","order_id":9,"user_id":2,"symbol":"TATAMOTORS","side":"Sell","order_type":"Limit","qty":49,"price":1000000,"time_in_force":"GTC"}
{"seq":15,"timestamp":"2025-12-09T12:28:55.857986105Z","timestamp_unix":1765283335,"event_type":"OrderPlaced","order_id":10,"user_id":2,"symbol":"ADANIENT","side":"Sell","order_type":"Limit","qty":41,"price":1000000,"time_in_force":"GTC"}
{"seq":16,"timestamp":"2025-12-09T12:28:55.858017465Z","timestamp_unix":1765283335,"event_type":"OrderRejected","user_id":2,"symbol":"ADANIENT","side":"Sell","qty":41,"price":1000000,"reason":"Insufficient shares: need 41, have 0"}
{"seq":17,"timestamp":"2025-12-09T12:51:55.926871259Z","timestamp_unix":1765284715,"event_type":"OrderPlaced","order_id":11,"user_id":2,"symbol":"ADANIENT","side":"Buy","order_type":"Limit","qty":10,"price":1000000,"time_in_force":"GTC"}
{"seq":18,"timestamp":"2025-12-09T12:51:55.927176097Z","timestamp_unix":1765284715,"event_type":"TradeExecuted","trade_id":4,"symbol":"ADANIENT","buyer_id":2,"seller_id":2,"qty":10,"price":1000000,"buyer_order_id":11,"seller_order_id":8}
{"seq":19,"timestamp":"2025-12-09T12:52:13.168889178Z","timestamp_unix":1765284733,"event_type":"OrderPlaced","order_id":12,"user_id":2,"symbol":"ADANIENT","side":"Buy","order_type":"Limit","qty":10,"price":1000000,"time_in_force":"GTC"}
{"seq":20,"timestamp":"2025-12-09T12:52:13.169354359Z","timestamp_unix":1765284733,"event_type":"TradeExecuted","trade_id":5,"symbol":"ADANIENT","buyer_id":2,"seller_id":2,"qty":10,"price":1000000,"buyer_order_id":12,"seller_order_id":8}
{"seq":21,"timestamp":"2025-12-09T12:52:15.077177783Z","timestamp_unix":1765284735,"event_type":"OrderPlaced","order_id":13,"user_id":2,"symbol":"ADANIENT","side":"Buy","order_type":"Limit","qty":10,"price":1000000,"time_in_force":"GTC"}
{"seq":22,"timestamp":"2025-12-09T12:52:15.077607253Z","timestamp_unix":1765284735,"event_type":"TradeExecuted","trade_id":6,"symbol":"ADANIENT","buyer_id":2,"seller_id":2,"qty":10,"price":1000000,"buyer_order_id":13,"seller_order_id":8}
{"seq":23,"timestamp":"2025-12-09T12:52:16.919182741Z","timestamp_unix":1765284736,"event_type":"OrderPlaced","order_id":14,"user_id":2,"symbol":"ADANIENT","side":"Buy","order_type":"Limit","qty":10,"price":1000000,"time_in_force":"GTC"}
{"seq":24,"timestamp":"2025-12-09T12:52:16.919435746Z","timestamp_unix":1765284736,"event_type":"TradeExecuted","trade_id":7,"symbol":"ADANIENT","buyer_id":2,"seller_id":2,"qty":10,"price":1000000,"buyer_order_id":14,"seller_order_id":8}
{"seq":25,"timestamp":"2025-12-09T12:52:19.060187174Z","timestamp_unix":1765284739,"event_type":"OrderPlaced","order_id":15,"user_id":2,"symbol":"ADANIENT","side":"Buy","order_type":"Limit","qty":10,"price":1000000,"time_in_force":"GTC"}
{"seq":26,"timestamp":"2025-12-09T12:52:19.060508691Z","timestamp_unix":1765284739,"event_type":"TradeExecuted","trade_id":8,"symbol":"ADANIENT","buyer_id":2,"seller_id":2,"qty":1,"price":1000000,"buyer_order_id":15,"seller_order_id":8}
{"seq":27,"timestamp":"2025-12-09T12:52:55.019785999Z","timestamp_unix":1765284775,"event_type":"OrderPlaced","order_id":16,"user_id":2,"symbol":"HDFCBANK","side":"Buy","order_type":"Limit","qty":10,"price":1000000,"time_in_force":"GTC"}
{"seq":28,"timestamp":"2025-12-09T12:52:55.020059975Z","timestamp_unix":1765284775,"event_type":"TradeExecuted","trade_id":9,"symbol":"HDFCBANK","buyer_id":2,"seller_id":2,"qty":10,"price":1000000,"buyer_order_id":16,"seller_order_id":7}
{"seq":29,"timestamp":"2025-12-09T12:52:57.425067584Z","timestamp_unix":1765284777,"event_type":"OrderPlaced","order_id":17,"user_id":2,"symbol":"HDFCBANK","side":"Buy","order_type":"Limit","qty":10,"price":1000000,"time_in_force":"GTC"}
{"seq":30,"timestamp":"2025-12-09T12:52:57.425353680Z","timestamp_unix":1765284777,"event_type":"TradeExecuted","trade_id":10,"symbol":"HDFCBANK","buyer_id":2,"seller_id":2,"qty":10,"price":1000000,"buyer_order_id":17,"seller_order_id":7}
{"seq":31,"timestamp":"2025-12-09T12:52:59.635711665Z","timestamp_unix":1765284779,"event_type":"OrderPlaced","order_id":18,"user_id":2,"symbol":"HDFCBANK","side":"Buy","order_type":"Limit","qty":10,"price":1000000,"time_in_force":"GTC"}
{"seq":32,"timestamp":"2025-12-09T12:52:59.636134825Z","timestamp_unix":1765284779,"event_type":"TradeExecuted","trade_id":11,"symbol":"HDFCBANK","buyer_id":2,"seller_id":2,"qty":10,"price":1000000,"buyer_order_id":18,"seller_order_id":7}
{"seq":33,"timestamp":"2025-12-09T12:53:01.514066997Z","timestamp_unix":1765284781,"event_type":"OrderPlaced","order_id":19,"user_id":2,"symbol":"HDFCBANK","side":"Buy","order_type":"Limit","qty":10,"price":1000000,"time_in_force":"GTC"}
{"seq":34,"timestamp":"2025-12-09T12:53:01.514373383Z","timestamp_unix":1765284781,"event_type":"TradeExecuted","trade_id":12,"symbol":"HDFCBANK","buyer_id":2,"seller_id":2,"qty":10,"price":1000000,"buyer_order_id":19,"seller_order_id":7}
{"seq":35,"timestamp":"2025-12-09T12:53:04.682722509Z","timestamp_unix":1765284784,"event_type":"OrderPlaced","order_id":20,"user_id":2,"symbol":"HDFCBANK","side":"Buy","order_type":"Limit","qty":10,"price":1000000,"time_in_force":"GTC"}
{"seq":36,"timestamp":"2025-12-09T12:53:04.682895883Z","timestamp_unix":1765284784,"event_type":"TradeExecuted","trade_id":13,"symbol":"HDFCBANK","buyer_id":2,"seller_id":2,"qty":10,"price":1000000,"buyer_order_id":20,"seller_order_id":7}
{"seq":37,"timestamp":"2025-12-09T12:53:43.205034526Z","timestamp_unix":1765284823,"event_type":"OrderPlaced","order_id":21,"user_id":2,"symbol":"HDFCBANK","side":"Buy","order_type":"Limit","qty":10,"price":900000,"time_in_force":"GTC"}
{"seq":38,"timestamp":"2025-12-09T12:57:10.099086789Z","timestamp_unix":1765285030,"event_type":"OrderPlaced","order_id":22,"user_id":2,"symbol":"TATAMOTORS","side":"Buy","order_type":"Limit","qty":10,"price":999900,"time_in_force":"GTC"}
{"seq":1,"timestamp":"2025-12-09T13:05:05.214590219Z","timestamp_unix":1765285505,"event_type":"UserRegistered","user_id":1,"regno":"32342","name":"2342","initial_cash":506000000,"initial_portfolio_value":494000000}
{"seq":2,"timestamp":"2025-12-09T13:05:17.140498611Z","timestamp_unix":1765285517,"event_type":"OrderPlaced","order_id":1,"user_id":1,"symbol":"INFY","side":"Sell","order_type":"Limit","qty":58,"price":1000000,"time_in_force":"GTC"}
{"seq":3,"timestamp":"2025-12-09T13:05:20.701584868Z","timestamp_unix":1765285520,"event_type":"OrderPlaced","order_id":2,"user_id":1,"symbol":"ADANIENT","side":"Sell","order_type":"Limit","qty":56,"price":1000000,"time_in_force":"GTC"}
{"seq":4,"timestamp":"2025-12-09T13:05:25.122333898Z","timestamp_unix":1765285525,"event_type":"OrderPlaced","order_id":3,"user_id":1,"symbol":"RELIANCE","side":"Sell","order_type":"Limit","qty":54,"price":1000000,"time_in_force":"GTC"}
{"seq":5,"timestamp":"2025-12-09T13:05:28.462715381Z","timestamp_unix":1765285528,"event_type":"OrderPlaced","order_id":4,"user_id":1,"symbol":"SUNPHARMA","side":"Sell","order_type":"Limit","qty":49,"price":1000000,"time_in_force":"GTC"}
{"seq":6,"timestamp":"2025-12-09T13:05:31.412165594Z","timestamp_unix":1765285531,"event_type":"OrderPlaced","order_id":5,"user_id":1,"symbol":"TCS","side":"Sell","order_type":"Limit","qty":46,"price":1000000,"time_in_force":"GTC"}
{"seq":7,"timestamp":"2025-12-09T13:05:37.765280288Z","timestamp_unix":1765285537,"event_type":"OrderPlaced","order_id":6,"user_id":1,"symbol":"ICICIBANK","side":"Sell","order_type":"Limit","qty":54,"price":1000000,"time_in_force":"GTC"}
{"seq":8,"timestamp":"2025-12-09T13:05:42.395134838Z","timestamp_unix":1765285542,"event_type":"OrderPlaced","order_id":7,"user_id":1,"symbol":"PAYTM","side":"Sell","order_type":"Limit","qty":46,"price":1000000,"time_in_force":"GTC"}
{"seq":9,"timestamp":"2025-12-09T13:05:44.703518396Z","timestamp_unix":1765285544,"event_type":"OrderPlaced","order_id":8,"user_id":1,"symbol":"SUNPHARMA","side":"Sell","order_type":"Limit","qty":49,"price":1000000,"time_in_force":"GTC"}
{"seq":10,"timestamp":"2025-12-09T13:05:44.703548196Z","timestamp_unix":1765285544,"event_type":"OrderRejected","user_id":1,"symbol":"SUNPHARMA","side":"Sell","qty":49,"price":1000000,"reason":"Insufficient shares: need 49, have 0"}
{"seq":11,"timestamp":"2025-12-09T13:07:13.911108564Z","timestamp_unix":1765285633,"event_type":"UserRegistered","user_id":2,"regno":"123","name":"123","initial_cash":530000000,"initial_portfolio_value":470000000}
{"seq":12,"timestamp":"2025-12-09T13:07:26.351762598Z","timestamp_unix":1765285646,"event_type":"OrderPlaced","order_id":9,"user_id":2,"symbol":"INFY","side":"Sell","order_type":"Limit","qty":43,"price":1000000,"time_in_force":"GTC"}
{"seq":13,"timestamp":"2025-12-09T13:07:28.795456345Z","timestamp_unix":1765285648,"event_type":"OrderPlaced","order_id":10,"user_id":2,"symbol":"ADANIENT","side":"Sell","order_type":"Limit","qty":46,"price":1000000,"time_in_force":"GTC"}
{"seq":14,"timestamp":"2025-12-09T13:07:32.111604863Z","timestamp_unix":1765285652,"event_type":"OrderPlaced","order_id":11,"user_id":2,"symbol":"TATAMOTORS","side":"Sell","order_type":"Limit","qty":44,"price":1000000,"time_in_force":"GTC"}
{"seq":15,"timestamp":"2025-12-09T13:07:35.661355535Z","timestamp_unix":1765285655,"event_type":"OrderPlaced","order_id":12,"user_id":2,"symbol":"SUNPHARMA","side":"Sell","order_type":"Limit","qty":51,"price":1000000,"time_in_force":"GTC"}
{"seq":16,"timestamp":"2025-12-09T13:07:45.847381884Z","timestamp_unix":1765285665,"event_type":"OrderPlaced","order_id":13,"user_id":2,"symbol":"PAYTM","side":"Sell","order_type":"Limit","qty":40,"price":1100000,"time_in_force":"GTC"}
{"seq":17,"timestamp":"2025-12-09T13:07:56.480061355Z","timestamp_unix":1765285676,"event_type":"OrderPlaced","order_id":14,"user_id":2,"symbol":"ICICIBANK","side":"Sell","order_type":"Limit","qty":40,"price":1100000,"time_in_force":"GTC"}
{"seq":1,"timestamp":"2025-12-09T16:48:49.367596045Z","timestamp_unix":1765298929,"event_type":"UserRegistered","user_id":1,"regno":"testuser","name":"Test User","initial_cash":541000000,"initial_portfolio_value":459000000}
{"seq":1,"timestamp":"2025-12-10T19:48:45.580821063Z","timestamp_unix":1765396125,"event_type":"UserRegistered","user_id":2,"regno":"trader001","name":"Test Trader One","initial_cash":516000000,"initial_portfolio_value":484000000}
{"seq":2,"timestamp":"2025-12-10T19:49:43.591431678Z","timestamp_unix":1765396183,"event_type":"OrderPlaced","order_id":1,"user_id":2,"symbol":"ZOMATO","side":"Sell","order_type":"Limit","qty":10,"price":1050000,"time_in_force":"GTC"}
{"seq":3,"timestamp":"2025-12-10T19:50:26.412492964Z","timestamp_unix":1765396226,"event_type":"UserLogin","user_id":1,"regno":"REG123","name":"Test Student"}
{"seq":4,"timestamp":"2025-12-10T19:50:47.477140958Z","timestamp_unix":1765396247,"event_type":"OrderPlaced","order_id":2,"user_id":1,"symbol":"ZOMATO","side":"Buy","order_type":"Limit","qty":10,"price":1050000,"time_in_force":"GTC"}
{"seq":5,"timestamp":"2025-12-10T19:50:47.477251037Z","timestamp_unix":1765396247,"event_type":"TradeExecuted","trade_id":1,"symbol":"ZOMATO","buyer_id":1,"seller_id":2,"qty":10,"price":1050000,"buyer_order_id":2,"seller_order_id":1}
{"seq":6,"timestamp":"2025-12-10T20:08:50.728888987Z","timestamp_unix":1765397330,"event_type":"UserLogin","user_id":1,"regno":"REG123","name":"Test Student"}
{"seq":7,"timestamp":"2025-12-10T20:08:52.876523481Z","timestamp_unix":1765397332,"event_type":"UserLogin","user_id":1,"regno":"REG123","name":"Test Student"}
{"seq":8,"timestamp":"2025-12-10T20:08:52.975489753Z","timestamp_unix":1765397332,"event_type":"UserLogin","user_id":1,"regno":"REG123","name":"Test Student"}
{"seq":9,"timestamp":"2025-12-10T20:08:54.927523027Z","timestamp_unix":1765397334,"event_type":"UserLogin","user_id":1,"regno":"REG123","name":"Test Student"}
{"seq":10,"timestamp":"2025-12-10T20:43:00.061808412Z","timestamp_unix":1765399380,"event_type":"UserLogin","user_id":1,"regno":"REG123","name":"Test Student"}
{"seq":11,"timestamp":"2025-12-10T20:43:02.134371052Z","timestamp_unix":1765399382,"event_type":"UserLogin","user_id":1,"regno":"REG123","name":"Test Student"}
{"seq":12,"timestamp":"2025-12-10T20:43:02.207675327Z","timestamp_unix":1765399382,"event_type":"UserLogin","user_id":1,"regno":"REG123","name":"Test Student"}
{"seq":13,"timestamp":"2025-12-10T20:43:04.250936962Z","timestamp_unix":1765399384,"event_type":"UserLogin","user_id":1,"regno":"REG123","name":"Test Student"}
{"seq":14,"timestamp":"2025-12-10T20:45:06.867366930Z","timestamp_unix":1765399506,"event_type":"UserLogin","user_id":1,"regno":"REG123","name":"Test Student"}
{"seq":15,"timestamp":"2025-12-10T20:45:08.939155224Z","timestamp_unix":1765399508,"event_type":"UserLogin","user_id":1,"regno":"REG123","name":"Test Student"}
{"seq":16,"timestamp":"2025-12-10T20:45:09.152524479Z","timestamp_unix":1765399509,"event_type":"UserLogin","user_id":1,"regno":"REG123","name":"Test Student"}
{"seq":17,"timestamp":"2025-12-10T20:45:09.500189206Z","timestamp_unix":1765399509,"event_type":"UserLogin","user_id":1,"regno":"REG123","name":"Test Student"}
{"seq":18,"timestamp":"2025-12-10T20:45:13.817835097Z","timestamp_unix":1765399513,"event_type":"UserRegistered","user_id":3,"regno":"NEWMJ0HAEPK","name":"New Test Trader","initial_cash":488000000,"initial_portfolio_value":512000000}
{"seq":19,"timestamp":"2025-12-10T20:45:14.146527643Z","timestamp_unix":1765399514,"event_type":"UserRegistered","user_id":4,"regno":"NEWMJ0HAEXQ","name":"Token Test User","initial_cash":506000000,"initial_portfolio_value":494000000}
{"seq":20,"timestamp":"2025-12-10T20:45:14.477236480Z","timestamp_unix":1765399514,"event_type":"UserRegistered","user_id":5,"regno":"NEWMJ0HAF6J","name":"Portfolio Test User","initial_cash":470000000,"initial_portfolio_value":530000000}
{"seq":21,"timestamp":"2025-12-10T20:45:14.791676108Z","timestamp_unix":1765399514,"event_type":"UserRegistered","user_id":6,"regno":"NEWMJ0HAFG8","name":"Welcome Test User","initial_cash":495000000,"initial_portfolio_value":505000000}
{"seq":22,"timestamp":"2025-12-10T20:45:15.945414051Z","timestamp_unix":1765399515,"event_type":"UserRegistered","user_id":7,"regno":"NEWMJ0HAGDP","name":"Redirect Test User","initial_cash":497000000,"initial_portfolio_value":503000000}
{"seq":23,"timestamp":"2025-12-10T20:46:01.897487226Z","timestamp_unix":1765399561,"event_type":"UserLogin","user_id":1,"regno":"REG123","name":"Test Student"}
{"seq":24,"timestamp":"2025-12-10T20:46:03.784405730Z","timestamp_unix":1765399563,"event_type":"UserLogin","user_id":1,"regno":"REG123","name":"Test Student"}
{"seq":25,"timestamp":"2025-12-10T20:46:03.980464382Z","timestamp_unix":1765399563,"event_type":"UserLogin","user_id":1,"regno":"REG123","name":"Test Student"}
{"seq":26,"timestamp":"2025-12-10T20:46:04.410278749Z","timestamp_unix":1765399564,"event_type":"UserLogin","user_id":1,"regno":"REG123","name":"Test Student"}
{"seq":27,"timestamp":"2025-12-10T20:46:08.514889618Z","timestamp_unix":1765399568,"event_type":"UserRegistered","user_id":8,"regno":"NEWMJ0HBKW5","name":"New Test Trader","initial_cash":499000000,"initial_portfolio_value":501000000}
{"seq":28,"timestamp":"2025-12-10T20:46:08.786206046Z","timestamp_unix":1765399568,"event_type":"UserRegistered","user_id":9,"regno":"NEWMJ0HBL5G","name":"Token Test User","initial_cash":480000000,"initial_portfolio_value":520000000}
{"seq":29,"timestamp":"2025-12-10T20:46:09.228820782Z","timestamp_unix":1765399569,"event_type":"UserRegistered","user_id":10,"regno":"NEWMJ0HBLGY","name":"Portfolio Test User","initial_cash":474000000,"initial_portfolio_value":526000000}
{"seq":30,"timestamp":"2025-12-10T20:46:09.615686155Z","timestamp_unix":1765399569,"event_type":"UserRegistered","user_id":11,"regno":"NEWMJ0HBLTY","name":"Welcome Test User","initial_cash":517000000,"initial_portfolio_value":483000000}
{"seq":31,"timestamp":"2025-12-10T20:46:10.425149019Z","timestamp_unix":1765399570,"event_type":"UserRegistered","user_id":12,"regno":"NEWMJ0HBMFA","name":"Redirect Test User","initial_cash":487000000,"initial_portfolio_value":513000000}
{"seq":32,"timestamp":"2025-12-11T02:49:16.699075147Z","timestamp_unix":1765421356,"event_type":"UserLogin","user_id":2,"regno":"trader001","name":"Test Trader One"}
{"seq":33,"timestamp":"2025-12-11T02:49:16.723915626Z","timestamp_unix":1765421356,"event_type":"UserLogin","user_id":2,"regno":"trader001","name":"Test Trader One"}
{"seq":34,"timestamp":"2025-12-11T02:49:16.817398496Z","timestamp_unix":1765421356,"event_type":"UserLogin","user_id":2,"regno":"trader001","name":"Test Trader One"}
{"seq":35,"timestamp":"2025-12-11T02:49:16.956562307Z","timestamp_unix":1765421356,"event_type":"UserLogin","user_id":2,"regno":"trader001","name":"Test Trader One"}
{"seq":36,"timestamp":"2025-12-11T02:49:17.122969075Z","timestamp_unix":1765421357,"event_type":"UserLogin","user_id":2,"regno":"trader001","name":"Test Trader One"}
{"seq":37,"timestamp":"2025-12-11T02:49:17.308266246Z","timestamp_unix":1765421357,"event_type":"UserLogin","user_id":2,"regno":"trader001","name":"Test Trader One"}
{"seq":38,"timestamp":"2025-12-11T02:49:17.369210264Z","timestamp_unix":1765421357,"event_type":"UserLogin","user_id":2,"regno":"trader001","name":"Test Trader One"}
{"seq":39,"timestamp":"2025-12-11T02:49:17.398462469Z","timestamp_unix":1765421357,"event_type":"UserLogin","user_id":2,"regno":"trader001","name":"Test Trader One"}
{"seq":40,"timestamp":"2025-12-11T02:49:21.629725437Z","timestamp_unix":1765421361,"event_type":"UserLogin","user_id":2,"regno":"trader001","name":"Test Trader One"}
{"seq":41,"timestamp":"2025-12-11T02:49:22.594708221Z","timestamp_unix":1765421362,"event_type":"UserLogin","user_id":2,"regno":"trader001","name":"Test Trader One"}
{"seq":42,"timestamp":"2025-12-11T02:49:24.898456893Z","timestamp_unix":1765421364,"event_type":"UserLogin","user_id":2,"regno":"trader001","name":"Test Trader One"}
{"seq":43,"timestamp":"2025-12-11T02:49:26.549925116Z","timestamp_unix":1765421366,"event_type":"UserLogin","user_id":2,"regno":"trader001","name":"Test Trader One"}
{"seq":44,"timestamp":"2025-12-11T02:49:29.323053121Z","timestamp_unix":1765421369,"event_type":"UserLogin","user_id":2,"regno":"trader001","name":"Test Trader One"}
{"seq":45,"timestamp":"2025-12-11T02:49:30.844235512Z","timestamp_unix":1765421370,"event_type":"UserLogin","user_id":2,"regno":"trader001","name":"Test Trader One"}
{"seq":46,"timestamp":"2025-12-11T02:49:31.242393677Z","timestamp_unix":1765421371,"event_type":"UserLogin","user_id":2,"regno":"trader001","name":"Test Trader One"}
{"seq":47,"timestamp":"2025-12-11T02:49:31.499552398Z","timestamp_unix":1765421371,"event_type":"UserLogin","user_id":2,"regno":"trader001","name":"Test Trader One"}
{"seq":48,"timestamp":"2025-12-11T02:49:31.809194782Z","timestamp_unix":1765421371,"event_type":"UserLogin","user_id":2,"regno":"trader001","name":"Test Trader One"}
{"seq":49,"timestamp":"2025-12-11T02:49:31.926701638Z","timestamp_unix":1765421371,"event_type":"UserLogin","user_id":2,"regno":"trader001","name":"Test Trader One"}
{"seq":50,"timestamp":"2025-12-11T02:49:32.027624278Z","timestamp_unix":1765421372,"event_type":"UserLogin","user_id":2,"regno":"trader001","name":"Test Trader One"}
{"seq":51,"timestamp":"2025-12-11T02:49:32.055698983Z","timestamp_unix":1765421372,"event_type":"UserLogin","user_id":2,"regno":"trader001","name":"Test Trader One"}
{"seq":52,"timestamp":"2025-12-11T02:49:33.076869930Z","timestamp_unix":1765421373,"event_type":"UserLogin","user_id":2,"regno":"trader001","name":"Test Trader One"}
{"seq":53,"timestamp":"2025-12-11T02:49:33.269184618Z","timestamp_unix":1765421373,"event_type":"UserLogin","user_id":1,"regno":"REG123","name":"Test Student"}
{"seq":54,"timestamp":"2025-12-11T02:49:33.801184731Z","timestamp_unix":1765421373,"event_type":"UserLogin","user_id":1,"regno":"REG123","name":"Test Student"}
{"seq":55,"timestamp":"2025-12-11T02:49:33.835169821Z","timestamp_unix":1765421373,"event_type":"UserLogin","user_id":1,"regno":"REG123","name":"Test Student"}
{"seq":56,"timestamp":"2025-12-11T02:49:34.763081918Z","timestamp_unix":1765421374,"event_type":"UserLogin","user_id":1,"regno":"REG123","name":"Test Student"}
{"seq":57,"timestamp":"2025-12-11T02:49:35.862425598Z","timestamp_unix":1765421375,"event_type":"UserLogin","user_id":2,"regno":"trader001","name":"Test Trader One"}
{"seq":58,"timestamp":"2025-12-11T02:49:36.199504034Z","timestamp_unix":1765421376,"event_type":"UserLogin","user_id":2,"regno":"trader001","name":"Test Trader One"}
{"seq":59,"timestamp":"2025-12-11T02:49:36.615828198Z","timestamp_unix":1765421376,"event_type":"UserLogin","user_id":2,"regno":"trader001","name":"Test Trader One"}
{"seq":60,"timestamp":"2025-12-11T02:49:37.240517204Z","timestamp_unix":1765421377,"event_type":"UserLogin","user_id":2,"regno":"trader001","name":"Test Trader One"}
{"seq":61,"timestamp":"2025-12-11T02:49:38.300406262Z","timestamp_unix":1765421378,"event_type":"UserLogin","user_id":2,"regno":"trader001","name":"Test Trader One"}
{"seq":62,"timestamp":"2025-12-11T02:49:39.358130032Z","timestamp_unix":1765421379,"event_type":"UserLogin","user_id":2,"regno":"trader001","name":"Test Trader One"}
{"seq":63,"timestamp":"2025-12-11T02:49:40.089725805Z","timestamp_unix":1765421380,"event_type":"UserLogin","user_id":2,"regno":"trader001","name":"Test Trader One"}
{"seq":64,"timestamp":"2025-12-11T02:49:40.211008694Z","timestamp_unix":1765421380,"event_type":"UserLogin","user_id":2,"regno":"trader001","name":"Test Trader One"}
{"seq":65,"timestamp":"2025-12-11T02:49:43.377241384Z","timestamp_unix":1765421383,"event_type":"UserLogin","user_id":2,"regno":"trader001","name":"Test Trader One"}
{"seq":66,"timestamp":"2025-12-11T02:49:44.187499747Z","timestamp_unix":1765421384,"event_type":"UserLogin","user_id":2,"regno":"trader001","name":"Test Trader One"}
{"seq":67,"timestamp":"2025-12-11T02:49:44.371855187Z","timestamp_unix":1765421384,"event_type":"UserLogin","user_id":2,"regno":"trader001","name":"Test Trader One"}
{"seq":68,"timestamp":"2025-12-11T02:49:46.765235883Z","timestamp_unix":1765421386,"event_type":"UserLogin","user_id":2,"regno":"trader001","name":"Test Trader One"}
{"seq":69,"timestamp":"2025-12-11T02:49:47.449252287Z","timestamp_unix":1765421387,"event_type":"UserLogin","user_id":2,"regno":"trader001","name":"Test Trader One"}
{"seq":70,"timestamp":"2025-12-11T02:49:48.343186475Z","timestamp_unix":1765421388,"event_type":"UserLogin","user_id":2,"regno":"trader001","name":"Test Trader One"}
{"seq":71,"timestamp":"2025-12-11T02:49:48.584702090Z","timestamp_unix":1765421388,"event_type":"UserLogin","user_id":2,"regno":"trader001","name":"Test Trader One"}
{"seq":72,"timestamp":"2025-12-11T02:49:48.974894546Z","timestamp_unix":1765421388,"event_type":"UserLogin","user_id":2,"regno":"trader001","name":"Test Trader One"}
{"seq":73,"timestamp":"2025-12-11T02:49:49.268902391Z","timestamp_unix":1765421389,"event_type":"UserLogin","user_id":2,"regno":"trader001","name":"Test Trader One"}
{"seq":74,"timestamp":"2025-12-11T02:49:49.786767827Z","timestamp_unix":1765421389,"event_type":"UserLogin","user_id":2,"regno":"trader001","name":"Test Trader One"}
{"seq":75,"timestamp":"2025-12-11T02:49:52.473074886Z","timestamp_unix":1765421392,"event_type":"UserLogin","user_id":2,"regno":"trader001","name":"Test Trader One"}
{"seq":76,"timestamp":"2025-12-11T02:49:53.764610957Z","timestamp_unix":1765421393,"event_type":"UserLogin","user_id":2,"regno":"trader001","name":"Test Trader One"}
{"seq":77,"timestamp":"2025-12-11T02:49:57.709427761Z","timestamp_unix":1765421397,"event_type":"UserLogin","user_id":2,"regno":"trader001","name":"Test Trader One"}
{"seq":78,"timestamp":"2025-12-11T02:50:00.755231303Z","timestamp_unix":1765421400,"event_type":"UserLogin","user_id":2,"regno":"trader001","name":"Test Trader One"}
{"seq":79,"timestamp":"2025-12-11T02:50:02.250100784Z","timestamp_unix":1765421402,"event_type":"UserLogin","user_id":2,"regno":"trader001","name":"Test Trader One"}
{"seq":80,"timestamp":"2025-12-11T02:50:02.414827314Z","timestamp_unix":1765421402,"event_type":"UserLogin","user_id":2,"regno":"trader001","name":"Test Trader One"}
{"seq":81,"timestamp":"2025-12-11T02:50:02.805749816Z","timestamp_unix":1765421402,"event_type":"UserLogin","user_id":2,"regno":"trader001","name":"Test Trader One"}
{"seq":82,"timestamp":"2025-12-11T02:50:03.282153165Z","timestamp_unix":1765421403,"event_type":"UserLogin","user_id":2,"regno":"trader001","name":"Test Trader One"}
{"seq":83,"timestamp":"2025-12-11T02:50:03.961050859Z","timestamp_unix":1765421403,"event_type":"UserLogin","user_id":2,"regno":"trader001","name":"Test Trader One"}
{"seq":84,"timestamp":"2025-12-11T02:50:05.731739179Z","timestamp_unix":1765421405,"event_type":"UserLogin","user_id":2,"regno":"trader001","name":"Test Trader One"}
{"seq":85,"timestamp":"2025-12-11T02:50:06.366258761Z","timestamp_unix":1765421406,"event_type":"UserLogin","user_id":2,"regno":"trader001","name":"Test Trader One"}
{"seq":86,"timestamp":"2025-12-11T02:50:06.875096314Z","timestamp_unix":1765421406,"event_type":"UserLogin","user_id":2,"regno":"trader001","name":"Test Trader One"}
{"seq":87,"timestamp":"2025-12-11T02:50:06.928885462Z","timestamp_unix":1765421406,"event_type":"UserLogin","user_id":2,"regno":"trader001","name":"Test Trader One"}
{"seq":88,"timestamp":"2025-12-11T02:50:07.328785642Z","timestamp_unix":1765421407,"event_type":"UserLogin","user_id":2,"regno":"trader001","name":"Test Trader One"}
{"seq":89,"timestamp":"2025-12-11T02:50:07.924378910Z","timestamp_unix":1765421407,"event_type":"UserLogin","user_id":2,"regno":"trader001","name":"Test Trader One"}
{"seq":90,"timestamp":"2025-12-11T02:50:08.498762768Z","timestamp_unix":1765421408,"event_type":"UserLogin","user_id":2,"regno":"trader001","name":"Test Trader One"}
{"seq":91,"timestamp":"2025-12-11T02:50:11.316585578Z","timestamp_unix":1765421411,"event_type":"UserLogin","user_id":2,"regno":"trader001","name":"Test Trader One"}
{"seq":92,"timestamp":"2025-12-11T02:50:12.060779034Z","timestamp_unix":1765421412,"event_type":"UserLogin","user_id":2,"regno":"trader001","name":"Test Trader One"}
{"seq":93,"timestamp":"2025-12-11T02:50:12.140640605Z","timestamp_unix":1765421412,"event_type":"UserLogin","user_id":2,"regno":"trader001","name":"Test Trader One"}
{"seq":94,"timestamp":"2025-12-11T02:50:12.507866921Z","timestamp_unix":1765421412,"event_type":"UserLogin","user_id":2,"regno":"trader001","name":"Test Trader One"}
{"seq":95,"timestamp":"2025-12-11T02:50:13.707914103Z","timestamp_unix":1765421413,"event_type":"UserLogin","user_id":1,"regno":"REG123","name":"Test Student"}
{"seq":96,"timestamp":"2025-12-11T02:50:13.959459594Z","timestamp_unix":1765421413,"event_type":"UserLogin","user_id":1,"regno":"REG123","name":"Test Student"}
{"seq":97,"timestamp":"2025-12-11T02:50:14.242716572Z","timestamp_unix":1765421414,"event_type":"UserLogin","user_id":1,"regno":"REG123","name":"Test Student"}
{"seq":98,"timestamp":"2025-12-11T02:50:14.354338242Z","timestamp_unix":1765421414,"event_type":"UserLogin","user_id":2,"regno":"trader001","name":"Test Trader One"}
{"seq":99,"timestamp":"2025-12-11T02:50:15.871934232Z","timestamp_unix":1765421415,"event_type":"UserLogin","user_id":1,"regno":"REG123","name":"Test Student"}
{"seq":100,"timestamp":"2025-12-11T02:52:23.927162294Z","timestamp_unix":1765421543,"event_type":"UserLogin","user_id":1,"regno":"REG123","name":"Test Student"}
{"seq":101,"timestamp":"2025-12-11T02:52:25.905847517Z","timestamp_unix":1765421545,"event_type":"UserLogin","user_id":1,"regno":"REG123","name":"Test Student"}
{"seq":102,"timestamp":"2025-12-11T02:52:25.985454468Z","timestamp_unix":1765421545,"event_type":"UserLogin","user_id":1,"regno":"REG123","name":"Test Student"}
{"seq":103,"timestamp":"2025-12-11T02:52:26.352501845Z","timestamp_unix":1765421546,"event_type":"UserLogin","user_id":1,"regno":"REG123","name":"Test Student"}
{"seq":104,"timestamp":"2025-12-11T02:52:30.713588356Z","timestamp_unix":1765421550,"event_type":"UserRegistered","user_id":13,"regno":"NEWMJ0UEQH1","name":"New Test Trader","initial_cash":542000000,"initial_portfolio_value":458000000}
{"seq":105,"timestamp":"2025-12-11T02:52:30.896061345Z","timestamp_unix":1765421550,"event_type":"UserRegistered","user_id":14,"regno":"NEWMJ0UEQMB","name":"Token Test User","initial_cash":483000000,"initial_portfolio_value":517000000}
{"seq":106,"timestamp":"2025-12-11T02:52:31.214748871Z","timestamp_unix":1765421551,"event_type":"UserRegistered","user_id":15,"regno":"NEWMJ0UEQS1","name":"Portfolio Test User","initial_cash":492000000,"initial_portfolio_value":508000000}
{"seq":107,"timestamp":"2025-12-11T02:52:31.248489569Z","timestamp_unix":1765421551,"event_type":"UserRegistered","user_id":16,"regno":"NEWMJ0UEQTU","name":"Welcome Test User","initial_cash":506000000,"initial_portfolio_value":494000000}
{"seq":108,"timestamp":"2025-12-11T02:52:32.255759931Z","timestamp_unix":1765421552,"event_type":"UserRegistered","user_id":17,"regno":"NEWMJ0UERQ9","name":"Redirect Test User","initial_cash":503000000,"initial_portfolio_value":497000000}
{"seq":1,"timestamp":"2025-12-11T03:42:27.704970100Z","timestamp_unix":1765424547,"event_type":"UserLogin","user_id":1,"regno":"REG123","name":"Test Student"}
{"seq":2,"timestamp":"2025-12-11T03:42:30.189441842Z","timestamp_unix":1765424550,"event_type":"UserLogin","user_id":1,"regno":"REG123","name":"Test Student"}
{"seq":3,"timestamp":"2025-12-11T03:42:30.192690033Z","timestamp_unix":1765424550,"event_type":"UserLogin","user_id":1,"regno":"REG123","name":"Test Student"}
{"seq":4,"timestamp":"2025-12-11T03:42:30.599602488Z","timestamp_unix":1765424550,"event_type":"UserLogin","user_id":1,"regno":"REG123","name":"Test Student"}
{"seq":5,"timestamp":"2025-12-11T03:42:34.872848505Z","timestamp_unix":1765424554,"event_type":"UserRegistered","user_id":18,"regno":"NEWMJ0W74IK","name":"New Test Trader","initial_cash":521000000,"initial_portfolio_value":479000000}
{"seq":6,"timestamp":"2025-12-11T03:42:35.152509607Z","timestamp_unix":1765424555,"event_type":"UserRegistered","user_id":19,"regno":"NEWMJ0W74PF","name":"Token Test User","initial_cash":483000000,"initial_portfolio_value":517000000}
{"seq":7,"timestamp":"2025-12-11T03:42:35.387847553Z","timestamp_unix":1765424555,"event_type":"UserRegistered","user_id":20,"regno":"NEWMJ0W74TR","name":"Portfolio Test User","initial_cash":515000000,"initial_portfolio_value":485000000}
{"seq":8,"timestamp":"2025-12-11T03:42:35.603998086Z","timestamp_unix":1765424555,"event_type":"UserRegistered","user_id":21,"regno":"NEWMJ0W74XU","name":"Welcome Test User","initial_cash":487000000,"initial_portfolio_value":513000000}
{"seq":9,"timestamp":"2025-12-11T03:42:36.446525730Z","timestamp_unix":1765424556,"event_type":"UserRegistered","user_id":22,"regno":"NEWMJ0W75SA","name":"Redirect Test User","initial_cash":477000000,"initial_portfolio_value":523000000}
{"seq":1,"timestamp":"2025-12-11T03:45:27.935584765Z","timestamp_unix":1765424727,"event_type":"UserLogin","user_id":100,"regno":"admin","name":"System Admin"}
{"seq":2,"timestamp":"2025-12-11T03:45:48.530618051Z","timestamp_unix":1765424748,"event_type":"UserLogin","user_id":100,"regno":"admin","name":"System Admin"}
{"seq":3,"timestamp":"2025-12-11T03:45:48.593271653Z","timestamp_unix":1765424748,"event_type":"UserLogin","user_id":100,"regno":"admin","name":"System Admin"}
{"seq":4,"timestamp":"2025-12-11T03:45:48.611292274Z","timestamp_unix":1765424748,"event_type":"UserLogin","user_id":100,"regno":"admin","name":"System Admin"}
{"seq":5,"timestamp":"2025-12-11T03:45:48.625331618Z","timestamp_unix":1765424748,"event_type":"UserLogin","user_id":100,"regno":"admin","name":"System Admin"}
{"seq":6,"timestamp":"2025-12-11T03:45:48.702266432Z","timestamp_unix":1765424748,"event_type":"UserLogin","user_id":100,"regno":"admin","name":"System Admin"}
{"seq":7,"timestamp":"2025-12-11T03:45:48.959937141Z","timestamp_unix":1765424748,"event_type":"UserLogin","user_id":100,"regno":"admin","name":"System Admin"}
{"seq":8,"timestamp":"2025-12-11T03:45:49.080281136Z","timestamp_unix":1765424749,"event_type":"UserLogin","user_id":100,"regno":"admin","name":"System Admin"}
{"seq":9,"timestamp":"2025-12-11T03:45:49.161483503Z","timestamp_unix":1765424749,"event_type":"UserLogin","user_id":100,"regno":"admin","name":"System Admin"}
{"seq":10,"timestamp":"2025-12-11T03:45:51.836881362Z","timestamp_unix":1765424751,"event_type":"UserLogin","user_id":100,"regno":"admin","name":"System Admin"}
{"seq":11,"timestamp":"2025-12-11T03:45:51.939678378Z","timestamp_unix":1765424751,"event_type":"UserLogin","user_id":100,"regno":"admin","name":"System Admin"}
{"seq":12,"timestamp":"2025-12-11T03:45:51.960282887Z","timestamp_unix":1765424751,"event_type":"UserLogin","user_id":100,"regno":"admin","name":"System Admin"}
{"seq":13,"timestamp":"2025-12-11T03:45:52.266245286Z","timestamp_unix":1765424752,"event_type":"UserLogin","user_id":100,"regno":"admin","name":"System Admin"}
{"seq":14,"timestamp":"2025-12-11T03:45:52.303474097Z","timestamp_unix":1765424752,"event_type":"UserLogin","user_id":100,"regno":"admin","name":"System Admin"}
{"seq":15,"timestamp":"2025-12-11T03:45:54.932609671Z","timestamp_unix":1765424754,"event_type":"UserLogin","user_id":100,"regno":"admin","name":"System Admin"}
{"seq":16,"timestamp":"2025-12-11T03:45:55.251783691Z","timestamp_unix":1765424755,"event_type":"UserLogin","user_id":100,"regno":"admin","name":"System Admin"}
{"seq":17,"timestamp":"2025-12-11T03:45:55.595898013Z","timestamp_unix":1765424755,"event_type":"UserLogin","user_id":100,"regno":"admin","name":"System Admin"}
{"seq":18,"timestamp":"2025-12-11T03:45:56.122251914Z","timestamp_unix":1765424756,"event_type":"UserLogin","user_id":100,"regno":"admin","name":"System Admin"}
{"seq":19,"timestamp":"2025-12-11T03:45:56.130064799Z","timestamp_unix":1765424756,"event_type":"UserLogin","user_id":100,"regno":"admin","name":"System Admin"}
{"seq":20,"timestamp":"2025-12-11T03:45:56.284681359Z","timestamp_unix":1765424756,"event_type":"MarketClosed"}
{"seq":21,"timestamp":"2025-12-11T03:45:58.312114506Z","timestamp_unix":1765424758,"event_type":"UserLogin","user_id":2,"regno":"trader001","name":"Test Trader One"}
{"seq":22,"timestamp":"2025-12-11T03:46:01.155407242Z","timestamp_unix":1765424761,"event_type":"UserLogin","user_id":100,"regno":"admin","name":"System Admin"}
{"seq":23,"timestamp":"2025-12-11T03:46:02.142200190Z","timestamp_unix":1765424762,"event_type":"UserLogin","user_id":100,"regno":"admin","name":"System Admin"}
{"seq":24,"timestamp":"2025-12-11T03:46:02.488743188Z","timestamp_unix":1765424762,"event_type":"UserLogin","user_id":100,"regno":"admin","name":"System Admin"}
{"seq":25,"timestamp":"2025-12-11T03:46:02.732579150Z","timestamp_unix":1765424762,"event_type":"UserLogin","user_id":100,"regno":"admin","name":"System Admin"}
{"seq":26,"timestamp":"2025-12-11T03:46:02.735559445Z","timestamp_unix":1765424762,"event_type":"UserLogin","user_id":2,"regno":"trader001","name":"Test Trader One"}
{"seq":27,"timestamp":"2025-12-11T03:46:04.492199598Z","timestamp_unix":1765424764,"event_type":"UserLogin","user_id":1,"regno":"REG123","name":"Test Student"}
{"seq":28,"timestamp":"2025-12-11T03:46:05.010235326Z","timestamp_unix":1765424765,"event_type":"MarketOpened"}
{"seq":29,"timestamp":"2025-12-11T03:46:06.355567302Z","timestamp_unix":1765424766,"event_type":"UserLogin","user_id":100,"regno":"admin","name":"System Admin"}
{"seq":30,"timestamp":"2025-12-11T03:46:06.628521829Z","timestamp_unix":1765424766,"event_type":"UserLogin","user_id":100,"regno":"admin","name":"System Admin"}
{"seq":31,"timestamp":"2025-12-11T03:46:06.643995299Z","timestamp_unix":1765424766,"event_type":"UserLogin","user_id":100,"regno":"admin","name":"System Admin"}
{"seq":32,"timestamp":"2025-12-11T03:46:09.414042853Z","timestamp_unix":1765424769,"event_type":"UserLogin","user_id":100,"regno":"admin","name":"System Admin"}
{"seq":33,"timestamp":"2025-12-11T03:46:10.132402709Z","timestamp_unix":1765424770,"event_type":"UserLogin","user_id":100,"regno":"admin","name":"System Admin"}
{"seq":34,"timestamp":"2025-12-11T03:46:10.250623107Z","timestamp_unix":1765424770,"event_type":"UserLogin","user_id":100,"regno":"admin","name":"System Admin"}
{"seq":35,"timestamp":"2025-12-11T03:46:10.577475607Z","timestamp_unix":1765424770,"event_type":"UserLogin","user_id":100,"regno":"admin","name":"System Admin"}
{"seq":36,"timestamp":"2025-12-11T03:46:10.868516630Z","timestamp_unix":1765424770,"event_type":"UserLogin","user_id":100,"regno":"admin","name":"System Admin"}
{"seq":37,"timestamp":"2025-12-11T03:46:13.041215196Z","timestamp_unix":1765424773,"event_type":"UserLogin","user_id":100,"regno":"admin","name":"System Admin"}
{"seq":38,"timestamp":"2025-12-11T03:49:19.177477824Z","timestamp_unix":1765424959,"event_type":"UserLogin","user_id":100,"regno":"admin","name":"System Admin"}
{"seq":39,"timestamp":"2025-12-11T03:49:19.177924760Z","timestamp_unix":1765424959,"event_type":"UserLogin","user_id":100,"regno":"admin","name":"System Admin"}
{"seq":40,"timestamp":"2025-12-11T03:49:19.295791939Z","timestamp_unix":1765424959,"event_type":"UserLogin","user_id":100,"regno":"admin","name":"System Admin"}
{"seq":41,"timestamp":"2025-12-11T03:49:19.346973631Z","timestamp_unix":1765424959,"event_type":"UserLogin","user_id":100,"regno":"admin","name":"System Admin"}
{"seq":42,"timestamp":"2025-12-11T03:49:19.373890393Z","timestamp_unix":1765424959,"event_type":"UserLogin","user_id":100,"regno":"admin","name":"System Admin"}
{"seq":43,"timestamp":"2025-12-11T03:49:19.410744157Z","timestamp_unix":1765424959,"event_type":"UserLogin","user_id":100,"regno":"admin","name":"System Admin"}
{"seq":44,"timestamp":"2025-12-11T03:49:19.706168111Z","timestamp_unix":1765424959,"event_type":"UserLogin","user_id":100,"regno":"admin","name":"System Admin"}
{"seq":45,"timestamp":"2025-12-11T03:49:19.732509089Z","timestamp_unix":1765424959,"event_type":"UserLogin","user_id":100,"regno":"admin","name":"System Admin"}
{"seq":46,"timestamp":"2025-12-11T03:49:22.390819268Z","timestamp_unix":1765424962,"event_type":"UserLogin","user_id":100,"regno":"admin","name":"System Admin"}
{"seq":47,"timestamp":"2025-12-11T03:49:22.498645054Z","timestamp_unix":1765424962,"event_type":"UserLogin","user_id":100,"regno":"admin","name":"System Admin"}
{"seq":48,"timestamp":"2025-12-11T03:49:22.538636576Z","timestamp_unix":1765424962,"event_type":"UserLogin","user_id":100,"regno":"admin","name":"System Admin"}
{"seq":49,"timestamp":"2025-12-11T03:49:22.735472877Z","timestamp_unix":1765424962,"event_type":"UserLogin","user_id":100,"regno":"admin","name":"System Admin"}
{"seq":50,"timestamp":"2025-12-11T03:49:22.739583046Z","timestamp_unix":1765424962,"event_type":"UserLogin","user_id":100,"regno":"admin","name":"System Admin"}
{"seq":51,"timestamp":"2025-12-11T03:49:22.860153095Z","timestamp_unix":1765424962,"event_type":"UserLogin","user_id":100,"regno":"admin","name":"System Admin"}
{"seq":52,"timestamp":"2025-12-11T03:49:23.131879929Z","timestamp_unix":1765424963,"event_type":"UserLogin","user_id":100,"regno":"admin","name":"System Admin"}
{"seq":53,"timestamp":"2025-12-11T03:49:23.148344306Z","timestamp_unix":1765424963,"event_type":"UserLogin","user_id":100,"regno":"admin","name":"System Admin"}
{"seq":54,"timestamp":"2025-12-11T03:49:24.386470958Z","timestamp_unix":1765424964,"event_type":"MarketClosed"}
{"seq":55,"timestamp":"2025-12-11T03:49:25.451942384Z","timestamp_unix":1765424965,"event_type":"UserLogin","user_id":100,"regno":"admin","name":"System Admin"}
{"seq":56,"timestamp":"2025-12-11T03:49:26.086549123Z","timestamp_unix":1765424966,"event_type":"UserLogin","user_id":100,"regno":"admin","name":"System Admin"}
{"seq":57,"timestamp":"2025-12-11T03:49:26.299158071Z","timestamp_unix":1765424966,"event_type":"UserLogin","user_id":100,"regno":"admin","name":"System Admin"}
{"seq":58,"timestamp":"2025-12-11T03:49:26.520628360Z","timestamp_unix":1765424966,"event_type":"UserLogin","user_id":100,"regno":"admin","name":"System Admin"}
{"seq":59,"timestamp":"2025-12-11T03:49:26.558247725Z","timestamp_unix":1765424966,"event_type":"UserLogin","user_id":100,"regno":"admin","name":"System Admin"}
{"seq":60,"timestamp":"2025-12-11T03:49:26.654013749Z","timestamp_unix":1765424966,"event_type":"MarketOpened"}
{"seq":61,"timestamp":"2025-12-11T03:49:26.681839701Z","timestamp_unix":1765424966,"event_type":"UserLogin","user_id":100,"regno":"admin","name":"System Admin"}
{"seq":62,"timestamp":"2025-12-11T03:49:26.860739176Z","timestamp_unix":1765424966,"event_type":"UserLogin","user_id":100,"regno":"admin","name":"System Admin"}
{"seq":63,"timestamp":"2025-12-11T03:49:27.975963128Z","timestamp_unix":1765424967,"event_type":"UserLogin","user_id":2,"regno":"trader001","name":"Test Trader One"}
{"seq":64,"timestamp":"2025-12-11T03:49:29.007947095Z","timestamp_unix":1765424969,"event_type":"UserLogin","user_id":100,"regno":"admin","name":"System Admin"}
{"seq":65,"timestamp":"2025-12-11T03:49:29.602399320Z","timestamp_unix":1765424969,"event_type":"UserLogin","user_id":1,"regno":"REG123","name":"Test Student"}
{"seq":66,"timestamp":"2025-12-11T03:49:29.950055084Z","timestamp_unix":1765424969,"event_type":"UserLogin","user_id":100,"regno":"admin","name":"System Admin"}
{"seq":67,"timestamp":"2025-12-11T03:49:30.078853516Z","timestamp_unix":1765424970,"event_type":"MarketClosed"}
{"seq":68,"timestamp":"2025-12-11T03:49:30.080540738Z","timestamp_unix":1765424970,"event_type":"UserLogin","user_id":100,"regno":"admin","name":"System Admin"}
{"seq":69,"timestamp":"2025-12-11T03:49:30.386845283Z","timestamp_unix":1765424970,"event_type":"UserLogin","user_id":2,"regno":"trader001","name":"Test Trader One"}
{"seq":70,"timestamp":"2025-12-11T03:49:30.484632195Z","timestamp_unix":1765424970,"event_type":"UserLogin","user_id":100,"regno":"admin","name":"System Admin"}
{"seq":71,"timestamp":"2025-12-11T03:49:30.773459855Z","timestamp_unix":1765424970,"event_type":"UserLogin","user_id":100,"regno":"admin","name":"System Admin"}
{"seq":72,"timestamp":"2025-12-11T03:49:30.941032798Z","timestamp_unix":1765424970,"event_type":"UserLogin","user_id":100,"regno":"admin","name":"System Admin"}
{"seq":73,"timestamp":"2025-12-11T03:49:32.295748272Z","timestamp_unix":1765424972,"event_type":"UserLogin","user_id":100,"regno":"admin","name":"System Admin"}
{"seq":74,"timestamp":"2025-12-11T03:49:33.275394175Z","timestamp_unix":1765424973,"event_type":"UserLogin","user_id":100,"regno":"admin","name":"System Admin"}
{"seq":75,"timestamp":"2025-12-11T03:51:15.521843056Z","timestamp_unix":1765425075,"event_type":"UserLogin","user_id":100,"regno":"admin","name":"System Admin"}
{"seq":76,"timestamp":"2025-12-11T03:51:15.523188062Z","timestamp_unix":1765425075,"event_type":"UserLogin","user_id":100,"regno":"admin","name":"System Admin"}
{"seq":77,"timestamp":"2025-12-11T03:51:15.573451189Z","timestamp_unix":1765425075,"event_type":"UserLogin","user_id":100,"regno":"admin","name":"System Admin"}
{"seq":78,"timestamp":"2025-12-11T03:51:15.614478874Z","timestamp_unix":1765425075,"event_type":"UserLogin","user_id":100,"regno":"admin","name":"System Admin"}
{"seq":79,"timestamp":"2025-12-11T03:51:15.789539218Z","timestamp_unix":1765425075,"event_type":"UserLogin","user_id":100,"regno":"admin","name":"System Admin"}
{"seq":80,"timestamp":"2025-12-11T03:51:15.842146921Z","timestamp_unix":1765425075,"event_type":"UserLogin","user_id":100,"regno":"admin","name":"System Admin"}
{"seq":81,"timestamp":"2025-12-11T03:51:15.893690795Z","timestamp_unix":1765425075,"event_type":"UserLogin","user_id":100,"regno":"admin","name":"System Admin"}
{"seq":82,"timestamp":"2025-12-11T03:51:16.050001127Z","timestamp_unix":1765425076,"event_type":"UserLogin","user_id":100,"regno":"admin","name":"System Admin"}
{"seq":83,"timestamp":"2025-12-11T03:51:18.694263713Z","timestamp_unix":1765425078,"event_type":"UserLogin","user_id":100,"regno":"admin","name":"System Admin"}
{"seq":84,"timestamp":"2025-12-11T03:51:18.721829540Z","timestamp_unix":1765425078,"event_type":"UserLogin","user_id":100,"regno":"admin","name":"System Admin"}
{"seq":85,"timestamp":"2025-12-11T03:51:18.810000024Z","timestamp_unix":1765425078,"event_type":"UserLogin","user_id":100,"regno":"admin","name":"System Admin"}
{"seq":86,"timestamp":"2025-12-11T03:51:18.905856936Z","timestamp_unix":1765425078,"event_type":"UserLogin","user_id":100,"regno":"admin","name":"System Admin"}
{"seq":87,"timestamp":"2025-12-11T03:51:18.959455508Z","timestamp_unix":1765425078,"event_type":"UserLogin","user_id":100,"regno":"admin","name":"System Admin"}
{"seq":88,"timestamp":"2025-12-11T03:51:19.135795905Z","timestamp_unix":1765425079,"event_type":"UserLogin","user_id":100,"regno":"admin","name":"System Admin"}
{"seq":89,"timestamp":"2025-12-11T03:51:19.169868193Z","timestamp_unix":1765425079,"event_type":"UserLogin","user_id":100,"regno":"admin","name":"System Admin"}
{"seq":90,"timestamp":"2025-12-11T03:51:19.384393245Z","timestamp_unix":1765425079,"event_type":"UserLogin","user_id":100,"regno":"admin","name":"System Admin"}
{"seq":91,"timestamp":"2025-12-11T03:51:20.355338411Z","timestamp_unix":1765425080,"event_type":"MarketOpened"}
{"seq":92,"timestamp":"2025-12-11T03:51:21.831329415Z","timestamp_unix":1765425081,"event_type":"UserLogin","user_id":100,"regno":"admin","name":"System Admin"}
{"seq":93,"timestamp":"2025-12-11T03:51:21.908115439Z","timestamp_unix":1765425081,"event_type":"UserLogin","user_id":100,"regno":"admin","name":"System Admin"}
{"seq":94,"timestamp":"2025-12-11T03:51:22.407396869Z","timestamp_unix":1765425082,"event_type":"MarketClosed"}
{"seq":95,"timestamp":"2025-12-11T03:51:22.419655068Z","timestamp_unix":1765425082,"event_type":"MarketClosed"}
{"seq":96,"timestamp":"2025-12-11T03:51:22.431074247Z","timestamp_unix":1765425082,"event_type":"UserLogin","user_id":100,"regno":"admin","name":"System Admin"}
{"seq":97,"timestamp":"2025-12-11T03:51:22.600859881Z","timestamp_unix":1765425082,"event_type":"UserLogin","user_id":100,"regno":"admin","name":"System Admin"}
{"seq":98,"timestamp":"2025-12-11T03:51:22.673294171Z","timestamp_unix":1765425082,"event_type":"UserLogin","user_id":100,"regno":"admin","name":"System Admin"}
{"seq":99,"timestamp":"2025-12-11T03:51:22.770713494Z","timestamp_unix":1765425082,"event_type":"UserLogin","user_id":100,"regno":"admin","name":"System Admin"}
{"seq":100,"timestamp":"2025-12-11T03:51:22.993830291Z","timestamp_unix":1765425082,"event_type":"UserLogin","user_id":100,"regno":"admin","name":"System Admin"}
{"seq":101,"timestamp":"2025-12-11T03:51:24.216171374Z","timestamp_unix":1765425084,"event_type":"UserLogin","user_id":2,"regno":"trader001","name":"Test Trader One"}
{"seq":102,"timestamp":"2025-12-11T03:51:25.534288630Z","timestamp_unix":1765425085,"event_type":"UserLogin","user_id":100,"regno":"admin","name":"System Admin"}
{"seq":103,"timestamp":"2025-12-11T03:51:25.759399152Z","timestamp_unix":1765425085,"event_type":"UserLogin","user_id":1,"regno":"REG123","name":"Test Student"}
{"seq":104,"timestamp":"2025-12-11T03:51:25.954607153Z","timestamp_unix":1765425085,"event_type":"UserLogin","user_id":100,"regno":"admin","name":"System Admin"}
{"seq":105,"timestamp":"2025-12-11T03:51:26.071189321Z","timestamp_unix":1765425086,"event_type":"UserLogin","user_id":2,"regno":"trader001","name":"Test Trader One"}
{"seq":106,"timestamp":"2025-12-11T03:51:26.191843166Z","timestamp_unix":1765425086,"event_type":"UserLogin","user_id":100,"regno":"admin","name":"System Admin"}
{"seq":107,"timestamp":"2025-12-11T03:51:26.276731941Z","timestamp_unix":1765425086,"event_type":"UserLogin","user_id":100,"regno":"admin","name":"System Admin"}
{"seq":108,"timestamp":"2025-12-11T03:51:26.359885666Z","timestamp_unix":1765425086,"event_type":"MarketOpened"}
{"seq":109,"timestamp":"2025-12-11T03:51:26.455200940Z","timestamp_unix":1765425086,"event_type":"UserLogin","user_id":100,"regno":"admin","name":"System Admin"}
{"seq":110,"timestamp":"2025-12-11T03:51:28.458869750Z","timestamp_unix":1765425088,"event_type":"OrderPlaced","order_id":1,"user_id":2,"symbol":"RELIANCE","side":"Buy","order_type":"Limit","qty":100,"price":1000000,"time_in_force":"GTC"}
{"seq":111,"timestamp":"2025-12-11T03:51:28.944673239Z","timestamp_unix":1765425088,"event_type":"UserLogin","user_id":100,"regno":"admin","name":"System Admin"}
{"seq":112,"timestamp":"2025-12-11T03:51:29.326326316Z","timestamp_unix":1765425089,"event_type":"UserLogin","user_id":100,"regno":"admin","name":"System Admin"}
{"seq":113,"timestamp":"2025-12-11T03:51:29.552055988Z","timestamp_unix":1765425089,"event_type":"UserLogin","user_id":100,"regno":"admin","name":"System Admin"}
{"seq":114,"timestamp":"2025-12-11T03:51:30.583583848Z","timestamp_unix":1765425090,"event_type":"MarketOpened"}
{"seq":115,"timestamp":"2025-12-11T03:51:52.462364338Z","timestamp_unix":1765425112,"event_type":"UserLogin","user_id":2,"regno":"trader001","name":"Test Trader One"}
{"seq":116,"timestamp":"2025-12-11T03:51:52.511971033Z","timestamp_unix":1765425112,"event_type":"UserLogin","user_id":2,"regno":"trader001","name":"Test Trader One"}
{"seq":117,"timestamp":"2025-12-11T03:51:52.525407428Z","timestamp_unix":1765425112,"event_type":"UserLogin","user_id":2,"regno":"trader001","name":"Test Trader One"}
{"seq":118,"timestamp":"2025-12-11T03:51:52.661869767Z","timestamp_unix":1765425112,"event_type":"UserLogin","user_id":2,"regno":"trader001","name":"Test Trader One"}
{"seq":119,"timestamp":"2025-12-11T03:51:52.810190758Z","timestamp_unix":1765425112,"event_type":"UserLogin","user_id":2,"regno":"trader001","name":"Test Trader One"}
{"seq":120,"timestamp":"2025-12-11T03:51:52.906682698Z","timestamp_unix":1765425112,"event_type":"UserLogin","user_id":2,"regno":"trader001","name":"Test Trader One"}
{"seq":121,"timestamp":"2025-12-11T03:51:53.041275486Z","timestamp_unix":1765425113,"event_type":"UserLogin","user_id":2,"regno":"trader001","name":"Test Trader One"}
{"seq":122,"timestamp":"2025-12-11T03:51:53.080696312Z","timestamp_unix":1765425113,"event_type":"UserLogin","user_id":2,"regno":"trader001","name":"Test Trader One"}
{"seq":123,"timestamp":"2025-12-11T03:51:55.363711737Z","timestamp_unix":1765425115,"event_type":"OrderPlaced","order_id":2,"user_id":2,"symbol":"RELIANCE","side":"Buy","order_type":"Limit","qty":999999999,"price":10000000000,"time_in_force":"GTC"}
{"seq":124,"timestamp":"2025-12-11T03:51:56.177462412Z","timestamp_unix":1765425116,"event_type":"OrderPlaced","order_id":3,"user_id":2,"symbol":"RELIANCE","side":"Short","order_type":"Limit","qty":999999,"price":10000000,"time_in_force":"GTC"}
{"seq":125,"timestamp":"2025-12-11T03:51:56.177685199Z","timestamp_unix":1765425116,"event_type":"TradeExecuted","trade_id":1,"symbol":"RELIANCE","buyer_id":2,"seller_id":2,"qty":999999,"price":10000000000,"buyer_order_id":3,"seller_order_id":2}
{"seq":126,"timestamp":"2025-12-11T03:51:56.362490053Z","timestamp_unix":1765425116,"event_type":"OrderPlaced","order_id":4,"user_id":2,"symbol":"RELIANCE","side":"Sell","order_type":"Limit","qty":999999,"price":1000000,"time_in_force":"GTC"}
{"seq":127,"timestamp":"2025-12-11T03:51:56.362525253Z","timestamp_unix":1765425116,"event_type":"OrderRejected","user_id":2,"symbol":"RELIANCE","side":"Sell","qty":999999,"price":1000000,"reason":"Insufficient shares: need 999999, have 45"}
{"seq":128,"timestamp":"2025-12-11T03:51:56.376213634Z","timestamp_unix":1765425116,"event_type":"UserLogin","user_id":2,"regno":"trader001","name":"Test Trader One"}
{"seq":129,"timestamp":"2025-12-11T03:51:56.771283237Z","timestamp_unix":1765425116,"event_type":"UserLogin","user_id":2,"regno":"trader001","name":"Test Trader One"}
{"seq":130,"timestamp":"2025-12-11T03:51:56.852892906Z","timestamp_unix":1765425116,"event_type":"UserLogin","user_id":2,"regno":"trader001","name":"Test Trader One"}
{"seq":131,"timestamp":"2025-12-11T03:51:58.659610891Z","timestamp_unix":1765425118,"event_type":"UserLogin","user_id":2,"regno":"trader001","name":"Test Trader One"}
{"seq":132,"timestamp":"2025-12-11T03:51:59.425557429Z","timestamp_unix":1765425119,"event_type":"UserLogin","user_id":2,"regno":"trader001","name":"Test Trader One"}
{"seq":133,"timestamp":"2025-12-11T03:51:59.855690368Z","timestamp_unix":1765425119,"event_type":"UserLogin","user_id":2,"regno":"trader001","name":"Test Trader One"}
{"seq":134,"timestamp":"2025-12-11T03:52:00.642450527Z","timestamp_unix":1765425120,"event_type":"UserLogin","user_id":2,"regno":"trader001","name":"Test Trader One"}
{"seq":135,"timestamp":"2025-12-11T03:52:02.011004805Z","timestamp_unix":1765425122,"event_type":"UserLogin","user_id":2,"regno":"trader001","name":"Test Trader One"}
{"seq":136,"timestamp":"2025-12-11T03:52:02.242818425Z","timestamp_unix":1765425122,"event_type":"UserLogin","user_id":2,"regno":"trader001","name":"Test Trader One"}
{"seq":137,"timestamp":"2025-12-11T03:52:02.282705503Z","timestamp_unix":1765425122,"event_type":"OrderPlaced","order_id":5,"user_id":2,"symbol":"RELIANCE","side":"Buy","order_type":"Limit","qty":1,"price":100000,"time_in_force":"GTC"}
{"seq":138,"timestamp":"2025-12-11T03:52:03.789337434Z","timestamp_unix":1765425123,"event_type":"UserLogin","user_id":2,"regno":"trader001","name":"Test Trader One"}
{"seq":139,"timestamp":"2025-12-11T03:52:04.584577676Z","timestamp_unix":1765425124,"event_type":"OrderPlaced","order_id":6,"user_id":2,"symbol":"RELIANCE","side":"Buy","order_type":"Limit","qty":1,"price":110000,"time_in_force":"GTC"}
{"seq":140,"timestamp":"2025-12-11T03:52:05.438522099Z","timestamp_unix":1765425125,"event_type":"UserLogin","user_id":1,"regno":"REG123","name":"Test Student"}
{"seq":141,"timestamp":"2025-12-11T03:52:06.088634310Z","timestamp_unix":1765425126,"event_type":"OrderPlaced","order_id":7,"user_id":2,"symbol":"RELIANCE","side":"Buy","order_type":"Limit","qty":1,"price":120000,"time_in_force":"GTC"}
{"seq":142,"timestamp":"2025-12-11T03:52:07.485506345Z","timestamp_unix":1765425127,"event_type":"UserLogin","user_id":2,"regno":"trader001","name":"Test Trader One"}
{"seq":143,"timestamp":"2025-12-11T03:52:07.583495772Z","timestamp_unix":1765425127,"event_type":"OrderPlaced","order_id":8,"user_id":2,"symbol":"RELIANCE","side":"Sell","order_type":"Limit","qty":1,"price":1050000,"time_in_force":"GTC"}
{"seq":144,"timestamp":"2025-12-11T03:52:07.583834509Z","timestamp_unix":1765425127,"event_type":"TradeExecuted","trade_id":2,"symbol":"RELIANCE","buyer_id":2,"seller_id":2,"qty":1,"price":10000000000,"buyer_order_id":8,"seller_order_id":2}
{"seq":145,"timestamp":"2025-12-11T03:52:08.637721579Z","timestamp_unix":1765425128,"event_type":"OrderPlaced","order_id":9,"user_id":2,"symbol":"RELIANCE","side":"Buy","order_type":"Limit","qty":1,"price":130000,"time_in_force":"GTC"}
{"seq":146,"timestamp":"2025-12-11T03:52:09.160902438Z","timestamp_unix":1765425129,"event_type":"UserLogin","user_id":1,"regno":"REG123","name":"Test Student"}
{"seq":147,"timestamp":"2025-12-11T03:52:09.861519449Z","timestamp_unix":1765425129,"event_type":"OrderPlaced","order_id":10,"user_id":1,"symbol":"RELIANCE","side":"Buy","order_type":"Limit","qty":1,"price":1050000,"time_in_force":"GTC"}
{"seq":148,"timestamp":"2025-12-11T03:52:09.990156652Z","timestamp_unix":1765425129,"event_type":"UserLogin","user_id":2,"regno":"trader001","name":"Test Trader One"}
{"seq":149,"timestamp":"2025-12-11T03:52:10.139441950Z","timestamp_unix":1765425130,"event_type":"OrderPlaced","order_id":11,"user_id":2,"symbol":"RELIANCE","side":"Buy","order_type":"Limit","qty":1,"price":140000,"time_in_force":"GTC"}
{"seq":150,"timestamp":"2025-12-11T03:52:11.033868342Z","timestamp_unix":1765425131,"event_type":"UserLogin","user_id":2,"regno":"trader001","name":"Test Trader One"}
{"seq":151,"timestamp":"2025-12-11T03:52:11.237112232Z","timestamp_unix":1765425131,"event_type":"UserLogin","user_id":2,"regno":"trader001","name":"Test Trader One"}
{"seq":152,"timestamp":"2025-12-11T03:52:11.400844853Z","timestamp_unix":1765425131,"event_type":"UserLogin","user_id":2,"regno":"trader001","name":"Test Trader One"}
{"seq":153,"timestamp":"2025-12-11T03:52:11.564148037Z","timestamp_unix":1765425131,"event_type":"UserLogin","user_id":1,"regno":"REG123","name":"Test Student"}
{"seq":154,"timestamp":"2025-12-11T03:52:12.474411140Z","timestamp_unix":1765425132,"event_type":"UserLogin","user_id":2,"regno":"trader001","name":"Test Trader One"}
{"seq":155,"timestamp":"2025-12-11T03:52:12.628046550Z","timestamp_unix":1765425132,"event_type":"UserLogin","user_id":1,"regno":"REG123","name":"Test Student"}
{"seq":156,"timestamp":"2025-12-11T03:52:13.708794433Z","timestamp_unix":1765425133,"event_type":"UserLogin","user_id":2,"regno":"trader001","name":"Test Trader One"}
{"seq":157,"timestamp":"2025-12-11T03:52:13.775758825Z","timestamp_unix":1765425133,"event_type":"UserLogin","user_id":2,"regno":"trader001","name":"Test Trader One"}
{"seq":158,"timestamp":"2025-12-11T03:52:15.308769300Z","timestamp_unix":1765425135,"event_type":"UserLogin","user_id":1,"regno":"REG123","name":"Test Student"}
{"seq":159,"timestamp":"2025-12-11T03:52:16.297352814Z","timestamp_unix":1765425136,"event_type":"UserLogin","user_id":2,"regno":"trader001","name":"Test Trader One"}
{"seq":160,"timestamp":"2025-12-11T03:52:16.427577467Z","timestamp_unix":1765425136,"event_type":"UserLogin","user_id":2,"regno":"trader001","name":"Test Trader One"}
{"seq":161,"timestamp":"2025-12-11T03:52:17.162735188Z","timestamp_unix":1765425137,"event_type":"UserLogin","user_id":2,"regno":"trader001","name":"Test Trader One"}
{"seq":162,"timestamp":"2025-12-11T03:52:18.695623080Z","timestamp_unix":1765425138,"event_type":"UserLogin","user_id":2,"regno":"trader001","name":"Test Trader One"}
{"seq":163,"timestamp":"2025-12-11T03:52:18.819123074Z","timestamp_unix":1765425138,"event_type":"UserLogin","user_id":2,"regno":"trader001","name":"Test Trader One"}
{"seq":164,"timestamp":"2025-12-11T03:52:19.723864447Z","timestamp_unix":1765425139,"event_type":"OrderPlaced","order_id":12,"user_id":2,"symbol":"RELIANCE","side":"Sell","order_type":"Limit","qty":1,"price":1500000,"time_in_force":"GTC"}
{"seq":165,"timestamp":"2025-12-11T03:52:19.724138704Z","timestamp_unix":1765425139,"event_type":"TradeExecuted","trade_id":3,"symbol":"RELIANCE","buyer_id":2,"seller_id":2,"qty":1,"price":10000000000,"buyer_order_id":12,"seller_order_id":2}
{"seq":166,"timestamp":"2025-12-11T03:52:22.326568403Z","timestamp_unix":1765425142,"event_type":"UserLogin","user_id":2,"regno":"trader001","name":"Test Trader One"}
{"seq":167,"timestamp":"2025-12-11T03:52:22.451572238Z","timestamp_unix":1765425142,"event_type":"UserLogin","user_id":2,"regno":"trader001","name":"Test Trader One"}
{"seq":168,"timestamp":"2025-12-11T03:52:22.804029500Z","timestamp_unix":1765425142,"event_type":"UserLogin","user_id":2,"regno":"trader001","name":"Test Trader One"}
{"seq":169,"timestamp":"2025-12-11T03:52:23.395608018Z","timestamp_unix":1765425143,"event_type":"UserLogin","user_id":2,"regno":"trader001","name":"Test Trader One"}
{"seq":170,"timestamp":"2025-12-11T03:52:24.632602372Z","timestamp_unix":1765425144,"event_type":"UserLogin","user_id":2,"regno":"trader001","name":"Test Trader One"}
{"seq":171,"timestamp":"2025-12-11T03:52:25.274879021Z","timestamp_unix":1765425145,"event_type":"OrderPlaced","order_id":13,"user_id":2,"symbol":"RELIANCE","side":"Short","order_type":"Limit","qty":1,"price":1000000,"time_in_force":"GTC"}
{"seq":172,"timestamp":"2025-12-11T03:52:25.275071969Z","timestamp_unix":1765425145,"event_type":"TradeExecuted","trade_id":4,"symbol":"RELIANCE","buyer_id":2,"seller_id":2,"qty":1,"price":10000000000,"buyer_order_id":13,"seller_order_id":2}
{"seq":173,"timestamp":"2025-12-11T03:52:25.346649467Z","timestamp_unix":1765425145,"event_type":"UserLogin","user_id":2,"regno":"trader001","name":"Test Trader One"}
{"seq":174,"timestamp":"2025-12-11T03:52:25.730453330Z","timestamp_unix":1765425145,"event_type":"UserLogin","user_id":2,"regno":"trader001","name":"Test Trader One"}
{"seq":175,"timestamp":"2025-12-11T03:52:28.242852325Z","timestamp_unix":1765425148,"event_type":"UserLogin","user_id":2,"regno":"trader001","name":"Test Trader One"}
{"seq":176,"timestamp":"2025-12-11T03:52:28.480894149Z","timestamp_unix":1765425148,"event_type":"UserLogin","user_id":2,"regno":"trader001","name":"Test Trader One"}
{"seq":177,"timestamp":"2025-12-11T03:52:28.781612868Z","timestamp_unix":1765425148,"event_type":"UserLogin","user_id":2,"regno":"trader001","name":"Test Trader One"}
{"seq":178,"timestamp":"2025-12-11T03:52:30.882189462Z","timestamp_unix":1765425150,"event_type":"UserLogin","user_id":2,"regno":"trader001","name":"Test Trader One"}
{"seq":179,"timestamp":"2025-12-11T03:52:31.047476961Z","timestamp_unix":1765425151,"event_type":"UserLogin","user_id":2,"regno":"trader001","name":"Test Trader One"}
{"seq":180,"timestamp":"2025-12-11T03:52:33.335471588Z","timestamp_unix":1765425153,"event_type":"UserLogin","user_id":2,"regno":"trader001","name":"Test Trader One"}
{"seq":181,"timestamp":"2025-12-11T03:52:33.566243297Z","timestamp_unix":1765425153,"event_type":"UserLogin","user_id":2,"regno":"trader001","name":"Test Trader One"}
{"seq":182,"timestamp":"2025-12-11T03:52:35.587512837Z","timestamp_unix":1765425155,"event_type":"UserLogin","user_id":2,"regno":"trader001","name":"Test Trader One"}
{"seq":183,"timestamp":"2025-12-11T03:52:35.810481539Z","timestamp_unix":1765425155,"event_type":"UserLogin","user_id":2,"regno":"trader001","name":"Test Trader One"}
{"seq":184,"timestamp":"2025-12-11T03:52:37.095659717Z","timestamp_unix":1765425157,"event_type":"UserLogin","user_id":2,"regno":"trader001","name":"Test Trader One"}
{"seq":185,"timestamp":"2025-12-11T03:52:37.950803172Z","timestamp_unix":1765425157,"event_type":"UserLogin","user_id":2,"regno":"trader001","name":"Test Trader One"}
{"seq":186,"timestamp":"2025-12-11T03:52:38.359184444Z","timestamp_unix":1765425158,"event_type":"UserLogin","user_id":2,"regno":"trader001","name":"Test Trader One"}
{"seq":187,"timestamp":"2025-12-11T03:52:39.229044933Z","timestamp_unix":1765425159,"event_type":"UserLogin","user_id":2,"regno":"trader001","name":"Test Trader One"}
{"seq":188,"timestamp":"2025-12-11T03:52:39.722778055Z","timestamp_unix":1765425159,"event_type":"UserLogin","user_id":2,"regno":"trader001","name":"Test Trader One"}
{"seq":189,"timestamp":"2025-12-11T03:52:40.258134438Z","timestamp_unix":1765425160,"event_type":"UserLogin","user_id":2,"regno":"trader001","name":"Test Trader One"}
{"seq":190,"timestamp":"2025-12-11T03:52:40.300628480Z","timestamp_unix":1765425160,"event_type":"OrderPlaced","order_id":14,"user_id":2,"symbol":"RELIANCE","side":"Buy","order_type":"Limit","qty":1,"price":500000,"time_in_force":"GTC"}
{"seq":191,"timestamp":"2025-12-11T03:52:41.338232517Z","timestamp_unix":1765425161,"event_type":"OrderPlaced","order_id":15,"user_id":2,"symbol":"RELIANCE","side":"Buy","order_type":"Limit","qty":1,"price":1000000,"time_in_force":"GTC"}
{"seq":192,"timestamp":"2025-12-11T03:52:42.079050845Z","timestamp_unix":1765425162,"event_type":"UserLogin","user_id":2,"regno":"trader001","name":"Test Trader One"}
{"seq":193,"timestamp":"2025-12-11T03:52:42.112107332Z","timestamp_unix":1765425162,"event_type":"UserLogin","user_id":2,"regno":"trader001","name":"Test Trader One"}
{"seq":194,"timestamp":"2025-12-11T03:52:42.880359635Z","timestamp_unix":1765425162,"event_type":"UserLogin","user_id":2,"regno":"trader001","name":"Test Trader One"}
{"seq":195,"timestamp":"2025-12-11T03:52:43.556915245Z","timestamp_unix":1765425163,"event_type":"UserLogin","user_id":2,"regno":"trader001","name":"Test Trader One"}
{"seq":196,"timestamp":"2025-12-11T03:52:44.150687797Z","timestamp_unix":1765425164,"event_type":"UserLogin","user_id":2,"regno":"trader001","name":"Test Trader One"}
{"seq":197,"timestamp":"2025-12-11T03:52:44.673423568Z","timestamp_unix":1765425164,"event_type":"OrderPlaced","order_id":16,"user_id":2,"symbol":"RELIANCE","side":"Buy","order_type":"Limit","qty":1,"price":100000,"time_in_force":"GTC"}
{"seq":198,"timestamp":"2025-12-11T03:52:44.779807736Z","timestamp_unix":1765425164,"event_type":"OrderPlaced","order_id":17,"user_id":2,"symbol":"RELIANCE","side":"Buy","order_type":"Limit","qty":1,"price":100000,"time_in_force":"GTC"}
{"seq":199,"timestamp":"2025-12-11T03:52:45.463070017Z","timestamp_unix":1765425165,"event_type":"OrderPlaced","order_id":18,"user_id":2,"symbol":"RELIANCE","side":"Buy","order_type":"Limit","qty":1,"price":100000,"time_in_force":"GTC"}
{"seq":200,"timestamp":"2025-12-11T03:52:45.731392460Z","timestamp_unix":1765425165,"event_type":"OrderPlaced","order_id":19,"user_id":2,"symbol":"RELIANCE","side":"Buy","order_type":"Limit","qty":1,"price":100000,"time_in_force":"GTC"}
{"seq":201,"timestamp":"2025-12-11T03:52:45.772944493Z","timestamp_unix":1765425165,"event_type":"UserLogin","user_id":1,"regno":"REG123","name":"Test Student"}
{"seq":202,"timestamp":"2025-12-11T03:52:45.993663910Z","timestamp_unix":1765425165,"event_type":"UserLogin","user_id":2,"regno":"trader001","name":"Test Trader One"}
{"seq":203,"timestamp":"2025-12-11T03:52:46.880509573Z","timestamp_unix":1765425166,"event_type":"OrderCancelled","order_id":17,"user_id":2,"symbol":"RELIANCE","reason":"User requested"}
{"seq":204,"timestamp":"2025-12-11T03:52:46.980479941Z","timestamp_unix":1765425166,"event_type":"UserLogin","user_id":2,"regno":"trader001","name":"Test Trader One"}
{"seq":205,"timestamp":"2025-12-11T03:52:47.584783616Z","timestamp_unix":1765425167,"event_type":"UserLogin","user_id":1,"regno":"REG123","name":"Test Student"}
{"seq":206,"timestamp":"2025-12-11T03:52:47.598048960Z","timestamp_unix":1765425167,"event_type":"OrderCancelled","order_id":18,"user_id":2,"symbol":"RELIANCE","reason":"User requested"}
{"seq":207,"timestamp":"2025-12-11T03:52:47.790023962Z","timestamp_unix":1765425167,"event_type":"OrderPlaced","order_id":20,"user_id":2,"symbol":"RELIANCE","side":"Sell","order_type":"Limit","qty":1,"price":1050000,"time_in_force":"GTC"}
{"seq":208,"timestamp":"2025-12-11T03:52:47.790379269Z","timestamp_unix":1765425167,"event_type":"TradeExecuted","trade_id":5,"symbol":"RELIANCE","buyer_id":2,"seller_id":2,"qty":1,"price":10000000000,"buyer_order_id":20,"seller_order_id":2}
{"seq":209,"timestamp":"2025-12-11T03:52:48.808823413Z","timestamp_unix":1765425168,"event_type":"UserLogin","user_id":1,"regno":"REG123","name":"Test Student"}
{"seq":210,"timestamp":"2025-12-11T03:52:49.933079605Z","timestamp_unix":1765425169,"event_type":"OrderPlaced","order_id":21,"user_id":1,"symbol":"RELIANCE","side":"Buy","order_type":"Limit","qty":1,"price":1050000,"time_in_force":"GTC"}
{"seq":211,"timestamp":"2025-12-11T03:52:50.659273717Z","timestamp_unix":1765425170,"event_type":"UserLogin","user_id":2,"regno":"trader001","name":"Test Trader One"}
{"seq":212,"timestamp":"2025-12-11T03:52:52.213834116Z","timestamp_unix":1765425172,"event_type":"UserLogin","user_id":1,"regno":"REG123","name":"Test Student"}
{"seq":213,"timestamp":"2025-12-11T03:52:53.694367893Z","timestamp_unix":1765425173,"event_type":"UserLogin","user_id":2,"regno":"trader001","name":"Test Trader One"}
{"seq":214,"timestamp":"2025-12-11T03:52:55.210926034Z","timestamp_unix":1765425175,"event_type":"UserLogin","user_id":1,"regno":"REG123","name":"Test Student"}
{"seq":215,"timestamp":"2025-12-11T03:56:15.168113967Z","timestamp_unix":1765425375,"event_type":"UserLogin","user_id":2,"regno":"trader001","name":"Test Trader One"}
{"seq":216,"timestamp":"2025-12-11T03:56:15.364734506Z","timestamp_unix":1765425375,"event_type":"UserLogin","user_id":2,"regno":"trader001","name":"Test Trader One"}
{"seq":217,"timestamp":"2025-12-11T03:56:15.390471983Z","timestamp_unix":1765425375,"event_type":"UserLogin","user_id":2,"regno":"trader001","name":"Test Trader One"}
{"seq":218,"timestamp":"2025-12-11T03:56:15.421479668Z","timestamp_unix":1765425375,"event_type":"UserLogin","user_id":2,"regno":"trader001","name":"Test Trader One"}
{"seq":219,"timestamp":"2025-12-11T03:56:15.439491616Z","timestamp_unix":1765425375,"event_type":"UserLogin","user_id":2,"regno":"trader001","name":"Test Trader One"}
{"seq":220,"timestamp":"2025-12-11T03:56:15.446148489Z","timestamp_unix":1765425375,"event_type":"UserLogin","user_id":2,"regno":"trader001","name":"Test Trader One"}
{"seq":221,"timestamp":"2025-12-11T03:56:15.497128709Z","timestamp_unix":1765425375,"event_type":"UserLogin","user_id":2,"regno":"trader001","name":"Test Trader One"}
{"seq":222,"timestamp":"2025-12-11T03:56:15.665494750Z","timestamp_unix":1765425375,"event_type":"UserLogin","user_id":2,"regno":"trader001","name":"Test Trader One"}
{"seq":223,"timestamp":"2025-12-11T03:56:17.651575405Z","timestamp_unix":1765425377,"event_type":"OrderPlaced","order_id":22,"user_id":2,"symbol":"RELIANCE","side":"Sell","order_type":"Limit","qty":150,"price":10000000000,"time_in_force":"GTC"}
{"seq":224,"timestamp":"2025-12-11T03:56:17.651608505Z","timestamp_unix":1765425377,"event_type":"OrderRejected","user_id":2,"symbol":"RELIANCE","side":"Sell","qty":150,"price":10000000000,"reason":"Insufficient shares: need 150, have 42"}
{"seq":225,"timestamp":"2025-12-11T03:56:18.182081675Z","timestamp_unix":1765425378,"event_type":"UserLogin","user_id":2,"regno":"trader001","name":"Test Trader One"}
{"seq":226,"timestamp":"2025-12-11T03:56:18.375118524Z","timestamp_unix":1765425378,"event_type":"UserLogin","user_id":2,"regno":"trader001","name":"Test Trader One"}
{"seq":227,"timestamp":"2025-12-11T03:56:18.468802342Z","timestamp_unix":1765425378,"event_type":"UserLogin","user_id":2,"regno":"trader001","name":"Test Trader One"}
{"seq":228,"timestamp":"2025-12-11T03:56:18.856706959Z","timestamp_unix":1765425378,"event_type":"UserLogin","user_id":2,"regno":"trader001","name":"Test Trader One"}
{"seq":229,"timestamp":"2025-12-11T03:56:19.185158464Z","timestamp_unix":1765425379,"event_type":"UserLogin","user_id":2,"regno":"trader001","name":"Test Trader One"}
{"seq":230,"timestamp":"2025-12-11T03:56:19.243532158Z","timestamp_unix":1765425379,"event_type":"UserLogin","user_id":2,"regno":"trader001","name":"Test Trader One"}
{"seq":231,"timestamp":"2025-12-11T03:56:20.554771747Z","timestamp_unix":1765425380,"event_type":"UserLogin","user_id":2,"regno":"trader001","name":"Test Trader One"}
{"seq":232,"timestamp":"2025-12-11T03:56:20.913473164Z","timestamp_unix":1765425380,"event_type":"UserLogin","user_id":2,"regno":"trader001","name":"Test Trader One"}
{"seq":233,"timestamp":"2025-12-11T03:56:21.110402806Z","timestamp_unix":1765425381,"event_type":"OrderPlaced","order_id":23,"user_id":2,"symbol":"RELIANCE","side":"Short","order_type":"Limit","qty":100,"price":10000000000,"time_in_force":"GTC"}
{"seq":234,"timestamp":"2025-12-11T03:56:21.110710272Z","timestamp_unix":1765425381,"event_type":"TradeExecuted","trade_id":6,"symbol":"RELIANCE","buyer_id":2,"seller_id":2,"qty":100,"price":10000000000,"buyer_order_id":23,"seller_order_id":2}
{"seq":235,"timestamp":"2025-12-11T03:56:21.520496578Z","timestamp_unix":1765425381,"event_type":"UserLogin","user_id":2,"regno":"trader001","name":"Test Trader One"}
{"seq":236,"timestamp":"2025-12-11T03:56:21.522381206Z","timestamp_unix":1765425381,"event_type":"UserLogin","user_id":2,"regno":"trader001","name":"Test Trader One"}
{"seq":237,"timestamp":"2025-12-11T03:56:22.039953842Z","timestamp_unix":1765425382,"event_type":"UserLogin","user_id":2,"regno":"trader001","name":"Test Trader One"}
{"seq":238,"timestamp":"2025-12-11T03:56:23.440760896Z","timestamp_unix":1765425383,"event_type":"UserLogin","user_id":2,"regno":"trader001","name":"Test Trader One"}
{"seq":239,"timestamp":"2025-12-11T03:57:35.953623491Z","timestamp_unix":1765425455,"event_type":"UserLogin","user_id":2,"regno":"trader001","name":"Test Trader One"}
{"seq":240,"timestamp":"2025-12-11T03:57:35.982742512Z","timestamp_unix":1765425455,"event_type":"UserLogin","user_id":2,"regno":"trader001","name":"Test Trader One"}
{"seq":241,"timestamp":"2025-12-11T03:57:36.111452042Z","timestamp_unix":1765425456,"event_type":"UserLogin","user_id":2,"regno":"trader001","name":"Test Trader One"}
{"seq":242,"timestamp":"2025-12-11T03:57:36.178215913Z","timestamp_unix":1765425456,"event_type":"UserLogin","user_id":2,"regno":"trader001","name":"Test Trader One"}
{"seq":243,"timestamp":"2025-12-11T03:57:36.278921298Z","timestamp_unix":1765425456,"event_type":"UserLogin","user_id":2,"regno":"trader001","name":"Test Trader One"}
{"seq":244,"timestamp":"2025-12-11T03:57:36.465366317Z","timestamp_unix":1765425456,"event_type":"UserLogin","user_id":2,"regno":"trader001","name":"Test Trader One"}
{"seq":245,"timestamp":"2025-12-11T03:57:36.530405068Z","timestamp_unix":1765425456,"event_type":"UserLogin","user_id":2,"regno":"trader001","name":"Test Trader One"}
{"seq":246,"timestamp":"2025-12-11T03:57:36.596575136Z","timestamp_unix":1765425456,"event_type":"UserLogin","user_id":2,"regno":"trader001","name":"Test Trader One"}
{"seq":247,"timestamp":"2025-12-11T03:57:37.743589497Z","timestamp_unix":1765425457,"event_type":"OrderPlaced","order_id":24,"user_id":2,"symbol":"RELIANCE","side":"Sell","order_type":"Limit","qty":150,"price":10000000000,"time_in_force":"GTC"}
{"seq":248,"timestamp":"2025-12-11T03:57:37.743628556Z","timestamp_unix":1765425457,"event_type":"OrderRejected","user_id":2,"symbol":"RELIANCE","side":"Sell","qty":150,"price":10000000000,"reason":"Insufficient shares: need 150, have 42"}
{"seq":249,"timestamp":"2025-12-11T03:57:39.025618158Z","timestamp_unix":1765425459,"event_type":"UserLogin","user_id":2,"regno":"trader001","name":"Test Trader One"}
{"seq":250,"timestamp":"2025-12-11T03:57:39.074599692Z","timestamp_unix":1765425459,"event_type":"UserLogin","user_id":2,"regno":"trader001","name":"Test Trader One"}
{"seq":251,"timestamp":"2025-12-11T03:57:39.326349046Z","timestamp_unix":1765425459,"event_type":"UserLogin","user_id":2,"regno":"trader001","name":"Test Trader One"}
{"seq":252,"timestamp":"2025-12-11T03:57:39.792504584Z","timestamp_unix":1765425459,"event_type":"UserLogin","user_id":2,"regno":"trader001","name":"Test Trader One"}
{"seq":253,"timestamp":"2025-12-11T03:57:40.436606009Z","timestamp_unix":1765425460,"event_type":"UserLogin","user_id":2,"regno":"trader001","name":"Test Trader One"}
{"seq":254,"timestamp":"2025-12-11T03:57:40.940731721Z","timestamp_unix":1765425460,"event_type":"UserLogin","user_id":2,"regno":"trader001","name":"Test Trader One"}
{"seq":255,"timestamp":"2025-12-11T03:57:41.006766020Z","timestamp_unix":1765425461,"event_type":"UserLogin","user_id":2,"regno":"trader001","name":"Test Trader One"}
{"seq":256,"timestamp":"2025-12-11T03:57:41.613388183Z","timestamp_unix":1765425461,"event_type":"UserLogin","user_id":2,"regno":"trader001","name":"Test Trader One"}
{"seq":257,"timestamp":"2025-12-11T03:57:42.084976623Z","timestamp_unix":1765425462,"event_type":"OrderPlaced","order_id":25,"user_id":2,"symbol":"RELIANCE","side":"Short","order_type":"Limit","qty":100,"price":10000000000,"time_in_force":"GTC"}
{"seq":258,"timestamp":"2025-12-11T03:57:42.085284790Z","timestamp_unix":1765425462,"event_type":"TradeExecuted","trade_id":7,"symbol":"RELIANCE","buyer_id":2,"seller_id":2,"qty":100,"price":10000000000,"buyer_order_id":25,"seller_order_id":2}
{"seq":259,"timestamp":"2025-12-11T03:57:42.116402697Z","timestamp_unix":1765425462,"event_type":"UserLogin","user_id":2,"regno":"trader001","name":"Test Trader One"}
{"seq":260,"timestamp":"2025-12-11T03:57:42.133141615Z","timestamp_unix":1765425462,"event_type":"UserLogin","user_id":2,"regno":"trader001","name":"Test Trader One"}
{"seq":261,"timestamp":"2025-12-11T03:57:42.455638562Z","timestamp_unix":1765425462,"event_type":"UserLogin","user_id":2,"regno":"trader001","name":"Test Trader One"}
{"seq":262,"timestamp":"2025-12-11T03:57:43.459995506Z","timestamp_unix":1765425463,"event_type":"UserLogin","user_id":2,"regno":"trader001","name":"Test Trader One"}
{"seq":263,"timestamp":"2025-12-11T03:58:31.448166118Z","timestamp_unix":1765425511,"event_type":"UserLogin","user_id":2,"regno":"trader001","name":"Test Trader One"}
{"seq":264,"timestamp":"2025-12-11T03:58:31.449027618Z","timestamp_unix":1765425511,"event_type":"UserLogin","user_id":2,"regno":"trader001","name":"Test Trader One"}
{"seq":265,"timestamp":"2025-12-11T03:58:31.467377665Z","timestamp_unix":1765425511,"event_type":"UserLogin","user_id":2,"regno":"trader001","name":"Test Trader One"}
{"seq":266,"timestamp":"2025-12-11T03:58:31.562120350Z","timestamp_unix":1765425511,"event_type":"UserLogin","user_id":2,"regno":"trader001","name":"Test Trader One"}
{"seq":267,"timestamp":"2025-12-11T03:58:31.864684800Z","timestamp_unix":1765425511,"event_type":"UserLogin","user_id":2,"regno":"trader001","name":"Test Trader One"}
{"seq":268,"timestamp":"2025-12-11T03:58:31.879925586Z","timestamp_unix":1765425511,"event_type":"UserLogin","user_id":2,"regno":"trader001","name":"Test Trader One"}
{"seq":269,"timestamp":"2025-12-11T03:58:31.928987193Z","timestamp_unix":1765425511,"event_type":"UserLogin","user_id":2,"regno":"trader001","name":"Test Trader One"}
{"seq":270,"timestamp":"2025-12-11T03:58:32.045984608Z","timestamp_unix":1765425512,"event_type":"UserLogin","user_id":2,"regno":"trader001","name":"Test Trader One"}
{"seq":271,"timestamp":"2025-12-11T03:58:34.764460709Z","timestamp_unix":1765425514,"event_type":"UserLogin","user_id":2,"regno":"trader001","name":"Test Trader One"}
{"seq":272,"timestamp":"2025-12-11T03:58:34.874367888Z","timestamp_unix":1765425514,"event_type":"OrderPlaced","order_id":26,"user_id":2,"symbol":"RELIANCE","side":"Short","order_type":"Limit","qty":1000,"price":10000000000,"time_in_force":"GTC"}
{"seq":273,"timestamp":"2025-12-11T03:58:34.874679545Z","timestamp_unix":1765425514,"event_type":"TradeExecuted","trade_id":8,"symbol":"RELIANCE","buyer_id":2,"seller_id":2,"qty":1000,"price":10000000000,"buyer_order_id":26,"seller_order_id":2}
{"seq":274,"timestamp":"2025-12-11T03:58:35.091383802Z","timestamp_unix":1765425515,"event_type":"OrderPlaced","order_id":27,"user_id":2,"symbol":"RELIANCE","side":"Sell","order_type":"Limit","qty":100,"price":10000000000,"time_in_force":"GTC"}
{"seq":275,"timestamp":"2025-12-11T03:58:35.091424171Z","timestamp_unix":1765425515,"event_type":"OrderRejected","user_id":2,"symbol":"RELIANCE","side":"Sell","qty":100,"price":10000000000,"reason":"Insufficient shares: need 100, have 42"}
{"seq":276,"timestamp":"2025-12-11T03:58:35.122063041Z","timestamp_unix":1765425515,"event_type":"OrderPlaced","order_id":28,"user_id":2,"symbol":"RELIANCE","side":"Buy","order_type":"Limit","qty":1000000,"price":10000000000,"time_in_force":"GTC"}
{"seq":277,"timestamp":"2025-12-11T03:58:36.266788136Z","timestamp_unix":1765425516,"event_type":"UserLogin","user_id":2,"regno":"trader001","name":"Test Trader One"}
{"seq":278,"timestamp":"2025-12-11T03:58:39.221142625Z","timestamp_unix":1765425519,"event_type":"UserLogin","user_id":2,"regno":"trader001","name":"Test Trader One"}
{"seq":279,"timestamp":"2025-12-11T03:58:40.829167058Z","timestamp_unix":1765425520,"event_type":"UserLogin","user_id":2,"regno":"trader001","name":"Test Trader One"}
{"seq":280,"timestamp":"2025-12-11T03:58:41.298672549Z","timestamp_unix":1765425521,"event_type":"UserLogin","user_id":2,"regno":"trader001","name":"Test Trader One"}
{"seq":281,"timestamp":"2025-12-11T03:58:44.151388749Z","timestamp_unix":1765425524,"event_type":"UserLogin","user_id":2,"regno":"trader001","name":"Test Trader One"}
{"seq":282,"timestamp":"2025-12-11T03:58:45.803179835Z","timestamp_unix":1765425525,"event_type":"UserLogin","user_id":2,"regno":"trader001","name":"Test Trader One"}
{"seq":283,"timestamp":"2025-12-11T03:58:46.172738444Z","timestamp_unix":1765425526,"event_type":"UserLogin","user_id":2,"regno":"trader001","name":"Test Trader One"}
{"seq":284,"timestamp":"2025-12-11T03:58:46.498816559Z","timestamp_unix":1765425526,"event_type":"UserLogin","user_id":2,"regno":"trader001","name":"Test Trader One"}
{"seq":285,"timestamp":"2025-12-11T03:58:46.706645489Z","timestamp_unix":1765425526,"event_type":"UserLogin","user_id":2,"regno":"trader001","name":"Test Trader One"}
{"seq":286,"timestamp":"2025-12-11T03:58:48.154482460Z","timestamp_unix":1765425528,"event_type":"UserLogin","user_id":1,"regno":"REG123","name":"Test Student"}
{"seq":287,"timestamp":"2025-12-11T03:58:48.387599762Z","timestamp_unix":1765425528,"event_type":"UserLogin","user_id":2,"regno":"trader001","name":"Test Trader One"}
{"seq":288,"timestamp":"2025-12-11T03:58:48.716876468Z","timestamp_unix":1765425528,"event_type":"OrderPlaced","order_id":29,"user_id":2,"symbol":"RELIANCE","side":"Buy","order_type":"Limit","qty":10,"price":10000000000,"time_in_force":"GTC"}
{"seq":289,"timestamp":"2025-12-11T03:58:49.227123278Z","timestamp_unix":1765425529,"event_type":"UserLogin","user_id":2,"regno":"trader001","name":"Test Trader One"}
{"seq":290,"timestamp":"2025-12-11T03:58:49.650575231Z","timestamp_unix":1765425529,"event_type":"UserLogin","user_id":2,"regno":"trader001","name":"Test Trader One"}
{"seq":291,"timestamp":"2025-12-11T03:58:50.042553484Z","timestamp_unix":1765425530,"event_type":"UserLogin","user_id":1,"regno":"REG123","name":"Test Student"}
{"seq":292,"timestamp":"2025-12-11T03:58:50.137679300Z","timestamp_unix":1765425530,"event_type":"OrderPlaced","order_id":30,"user_id":2,"symbol":"RELIANCE","side":"Buy","order_type":"Limit","qty":11,"price":10000000000,"time_in_force":"GTC"}
{"seq":293,"timestamp":"2025-12-11T03:58:50.302293452Z","timestamp_unix":1765425530,"event_type":"UserLogin","user_id":2,"regno":"trader001","name":"Test Trader One"}
{"seq":294,"timestamp":"2025-12-11T03:58:50.467285960Z","timestamp_unix":1765425530,"event_type":"OrderPlaced","order_id":31,"user_id":2,"symbol":"RELIANCE","side":"Sell","order_type":"Limit","qty":105,"price":10000000000,"time_in_force":"GTC"}
{"seq":295,"timestamp":"2025-12-11T03:58:50.467347069Z","timestamp_unix":1765425530,"event_type":"OrderRejected","user_id":2,"symbol":"RELIANCE","side":"Sell","qty":105,"price":10000000000,"reason":"Insufficient shares: need 105, have 42"}
{"seq":296,"timestamp":"2025-12-11T03:58:50.636482607Z","timestamp_unix":1765425530,"event_type":"UserLogin","user_id":2,"regno":"trader001","name":"Test Trader One"}
{"seq":297,"timestamp":"2025-12-11T03:58:51.225849534Z","timestamp_unix":1765425531,"event_type":"UserLogin","user_id":1,"regno":"REG123","name":"Test Student"}
{"seq":298,"timestamp":"2025-12-11T03:58:51.439238625Z","timestamp_unix":1765425531,"event_type":"UserLogin","user_id":2,"regno":"trader001","name":"Test Trader One"}
{"seq":299,"timestamp":"2025-12-11T03:58:51.478802564Z","timestamp_unix":1765425531,"event_type":"OrderPlaced","order_id":32,"user_id":2,"symbol":"RELIANCE","side":"Buy","order_type":"Limit","qty":12,"price":10000000000,"time_in_force":"GTC"}
{"seq":300,"timestamp":"2025-12-11T03:58:51.860296535Z","timestamp_unix":1765425531,"event_type":"UserLogin","user_id":1,"regno":"REG123","name":"Test Student"}
{"seq":301,"timestamp":"2025-12-11T03:58:52.148728634Z","timestamp_unix":1765425532,"event_type":"UserLogin","user_id":2,"regno":"trader001","name":"Test Trader One"}
{"seq":302,"timestamp":"2025-12-11T03:58:52.656229384Z","timestamp_unix":1765425532,"event_type":"OrderPlaced","order_id":33,"user_id":1,"symbol":"RELIANCE","side":"Buy","order_type":"Limit","qty":105,"price":10000000000,"time_in_force":"GTC"}
{"seq":303,"timestamp":"2025-12-11T03:58:52.656262753Z","timestamp_unix":1765425532,"event_type":"OrderRejected","user_id":1,"symbol":"RELIANCE","side":"Buy","qty":105,"price":10000000000,"reason":"Insufficient funds: need 1050000000000, have 987400000"}
{"seq":304,"timestamp":"2025-12-11T03:58:52.893118297Z","timestamp_unix":1765425532,"event_type":"UserLogin","user_id":2,"regno":"trader001","name":"Test Trader One"}
{"seq":305,"timestamp":"2025-12-11T03:58:52.948442886Z","timestamp_unix":1765425532,"event_type":"OrderPlaced","order_id":34,"user_id":2,"symbol":"RELIANCE","side":"Buy","order_type":"Limit","qty":13,"price":10000000000,"time_in_force":"GTC"}
{"seq":306,"timestamp":"2025-12-11T03:58:54.530228051Z","timestamp_unix":1765425534,"event_type":"UserLogin","user_id":2,"regno":"trader001","name":"Test Trader One"}
{"seq":307,"timestamp":"2025-12-11T03:58:55.035449165Z","timestamp_unix":1765425535,"event_type":"OrderPlaced","order_id":35,"user_id":2,"symbol":"RELIANCE","side":"Buy","order_type":"Limit","qty":14,"price":10000000000,"time_in_force":"GTC"}
{"seq":308,"timestamp":"2025-12-11T03:58:55.800539333Z","timestamp_unix":1765425535,"event_type":"UserLogin","user_id":2,"regno":"trader001","name":"Test Trader One"}
{"seq":309,"timestamp":"2025-12-11T03:58:56.145911118Z","timestamp_unix":1765425536,"event_type":"UserLogin","user_id":2,"regno":"trader001","name":"Test Trader One"}
{"seq":310,"timestamp":"2025-12-11T03:58:56.735431278Z","timestamp_unix":1765425536,"event_type":"UserLogin","user_id":2,"regno":"trader001","name":"Test Trader One"}
{"seq":311,"timestamp":"2025-12-11T03:58:57.409824585Z","timestamp_unix":1765425537,"event_type":"OrderPlaced","order_id":36,"user_id":2,"symbol":"RELIANCE","side":"Sell","order_type":"Limit","qty":150,"price":10000000000,"time_in_force":"GTC"}
{"seq":312,"timestamp":"2025-12-11T03:58:57.409865254Z","timestamp_unix":1765425537,"event_type":"OrderRejected","user_id":2,"symbol":"RELIANCE","side":"Sell","qty":150,"price":10000000000,"reason":"Insufficient shares: need 150, have 42"}
{"seq":313,"timestamp":"2025-12-11T03:58:57.537066779Z","timestamp_unix":1765425537,"event_type":"UserLogin","user_id":2,"regno":"trader001","name":"Test Trader One"}
{"seq":314,"timestamp":"2025-12-11T03:58:58.273902246Z","timestamp_unix":1765425538,"event_type":"UserLogin","user_id":2,"regno":"trader001","name":"Test Trader One"}
{"seq":315,"timestamp":"2025-12-11T03:58:58.497510460Z","timestamp_unix":1765425538,"event_type":"UserLogin","user_id":1,"regno":"REG123","name":"Test Student"}
{"seq":316,"timestamp":"2025-12-11T03:58:59.025725741Z","timestamp_unix":1765425539,"event_type":"UserLogin","user_id":2,"regno":"trader001","name":"Test Trader One"}
{"seq":317,"timestamp":"2025-12-11T03:58:59.339046443Z","timestamp_unix":1765425539,"event_type":"UserLogin","user_id":2,"regno":"trader001","name":"Test Trader One"}
{"seq":318,"timestamp":"2025-12-11T03:59:00.813741298Z","timestamp_unix":1765425540,"event_type":"UserLogin","user_id":2,"regno":"trader001","name":"Test Trader One"}
{"seq":319,"timestamp":"2025-12-11T03:59:00.954367179Z","timestamp_unix":1765425540,"event_type":"UserLogin","user_id":2,"regno":"trader001","name":"Test Trader One"}
{"seq":320,"timestamp":"2025-12-11T03:59:01.641680003Z","timestamp_unix":1765425541,"event_type":"UserLogin","user_id":2,"regno":"trader001","name":"Test Trader One"}
{"seq":321,"timestamp":"2025-12-11T03:59:01.738422477Z","timestamp_unix":1765425541,"event_type":"UserLogin","user_id":2,"regno":"trader001","name":"Test Trader One"}
{"seq":322,"timestamp":"2025-12-11T03:59:02.593781157Z","timestamp_unix":1765425542,"event_type":"OrderPlaced","order_id":37,"user_id":2,"symbol":"RELIANCE","side":"Short","order_type":"Limit","qty":100,"price":10000000000,"time_in_force":"GTC"}
{"seq":323,"timestamp":"2025-12-11T03:59:02.593979584Z","timestamp_unix":1765425542,"event_type":"TradeExecuted","trade_id":9,"symbol":"RELIANCE","buyer_id":2,"seller_id":2,"qty":100,"price":10000000000,"buyer_order_id":37,"seller_order_id":2}
{"seq":324,"timestamp":"2025-12-11T03:59:03.340496117Z","timestamp_unix":1765425543,"event_type":"UserLogin","user_id":2,"regno":"trader001","name":"Test Trader One"}
{"seq":325,"timestamp":"2025-12-11T03:59:03.588457760Z","timestamp_unix":1765425543,"event_type":"UserLogin","user_id":2,"regno":"trader001","name":"Test Trader One"}
{"seq":326,"timestamp":"2025-12-11T03:59:04.477162842Z","timestamp_unix":1765425544,"event_type":"UserLogin","user_id":2,"regno":"trader001","name":"Test Trader One"}
{"seq":327,"timestamp":"2025-12-11T03:59:05.103690120Z","timestamp_unix":1765425545,"event_type":"UserLogin","user_id":2,"regno":"trader001","name":"Test Trader One"}
{"seq":328,"timestamp":"2025-12-11T03:59:05.664038144Z","timestamp_unix":1765425545,"event_type":"UserLogin","user_id":2,"regno":"trader001","name":"Test Trader One"}
{"seq":329,"timestamp":"2025-12-11T03:59:05.881942652Z","timestamp_unix":1765425545,"event_type":"UserLogin","user_id":2,"regno":"trader001","name":"Test Trader One"}
{"seq":330,"timestamp":"2025-12-11T03:59:06.608973296Z","timestamp_unix":1765425546,"event_type":"UserLogin","user_id":2,"regno":"trader001","name":"Test Trader One"}
{"seq":331,"timestamp":"2025-12-11T03:59:07.022842131Z","timestamp_unix":1765425547,"event_type":"UserLogin","user_id":2,"regno":"trader001","name":"Test Trader One"}
{"seq":332,"timestamp":"2025-12-11T03:59:07.315088224Z","timestamp_unix":1765425547,"event_type":"UserLogin","user_id":2,"regno":"trader001","name":"Test Trader One"}
{"seq":333,"timestamp":"2025-12-11T03:59:07.865854862Z","timestamp_unix":1765425547,"event_type":"UserLogin","user_id":2,"regno":"trader001","name":"Test Trader One"}
{"seq":334,"timestamp":"2025-12-11T03:59:08.825895247Z","timestamp_unix":1765425548,"event_type":"UserLogin","user_id":2,"regno":"trader001","name":"Test Trader One"}
{"seq":335,"timestamp":"2025-12-11T03:59:09.418706550Z","timestamp_unix":1765425549,"event_type":"UserLogin","user_id":2,"regno":"trader001","name":"Test Trader One"}
{"seq":336,"timestamp":"2025-12-11T03:59:09.571164004Z","timestamp_unix":1765425549,"event_type":"UserLogin","user_id":2,"regno":"trader001","name":"Test Trader One"}
{"seq":337,"timestamp":"2025-12-11T03:59:10.141634749Z","timestamp_unix":1765425550,"event_type":"OrderPlaced","order_id":38,"user_id":2,"symbol":"RELIANCE","side":"Buy","order_type":"Limit","qty":100,"price":10000000000,"time_in_force":"GTC"}
{"seq":338,"timestamp":"2025-12-11T03:59:11.155831190Z","timestamp_unix":1765425551,"event_type":"UserLogin","user_id":2,"regno":"trader001","name":"Test Trader One"}
{"seq":339,"timestamp":"2025-12-11T03:59:11.260432897Z","timestamp_unix":1765425551,"event_type":"OrderPlaced","order_id":39,"user_id":2,"symbol":"RELIANCE","side":"Buy","order_type":"Limit","qty":50,"price":10000000000,"time_in_force":"GTC"}
{"seq":340,"timestamp":"2025-12-11T03:59:11.833209301Z","timestamp_unix":1765425551,"event_type":"UserLogin","user_id":2,"regno":"trader001","name":"Test Trader One"}
{"seq":341,"timestamp":"2025-12-11T03:59:12.189752849Z","timestamp_unix":1765425552,"event_type":"UserLogin","user_id":2,"regno":"trader001","name":"Test Trader One"}
{"seq":342,"timestamp":"2025-12-11T03:59:12.899186888Z","timestamp_unix":1765425552,"event_type":"OrderPlaced","order_id":40,"user_id":2,"symbol":"RELIANCE","side":"Buy","order_type":"Limit","qty":10,"price":10000000000,"time_in_force":"GTC"}
{"seq":343,"timestamp":"2025-12-11T03:59:13.553578256Z","timestamp_unix":1765425553,"event_type":"UserLogin","user_id":2,"regno":"trader001","name":"Test Trader One"}
{"seq":344,"timestamp":"2025-12-11T03:59:13.932903966Z","timestamp_unix":1765425553,"event_type":"OrderPlaced","order_id":41,"user_id":2,"symbol":"RELIANCE","side":"Buy","order_type":"Limit","qty":10,"price":10000000000,"time_in_force":"GTC"}
{"seq":345,"timestamp":"2025-12-11T03:59:14.774843838Z","timestamp_unix":1765425554,"event_type":"OrderPlaced","order_id":42,"user_id":2,"symbol":"RELIANCE","side":"Buy","order_type":"Limit","qty":10,"price":10000000000,"time_in_force":"GTC"}
{"seq":346,"timestamp":"2025-12-11T03:59:15.027798276Z","timestamp_unix":1765425555,"event_type":"OrderCancelled","order_id":40,"user_id":2,"symbol":"RELIANCE","reason":"User requested"}
{"seq":347,"timestamp":"2025-12-11T03:59:15.505055480Z","timestamp_unix":1765425555,"event_type":"OrderPlaced","order_id":43,"user_id":2,"symbol":"RELIANCE","side":"Buy","order_type":"Limit","qty":10,"price":10000000000,"time_in_force":"GTC"}
{"seq":348,"timestamp":"2025-12-11T03:59:15.638000980Z","timestamp_unix":1765425555,"event_type":"UserLogin","user_id":2,"regno":"trader001","name":"Test Trader One"}
{"seq":349,"timestamp":"2025-12-11T03:59:16.059143738Z","timestamp_unix":1765425556,"event_type":"OrderCancelled","order_id":41,"user_id":2,"symbol":"RELIANCE","reason":"User requested"}
{"seq":350,"timestamp":"2025-12-11T03:59:17.059330358Z","timestamp_unix":1765425557,"event_type":"UserLogin","user_id":2,"regno":"trader001","name":"Test Trader One"}
{"seq":351,"timestamp":"2025-12-11T03:59:17.345604519Z","timestamp_unix":1765425557,"event_type":"UserLogin","user_id":1,"regno":"REG123","name":"Test Student"}
{"seq":352,"timestamp":"2025-12-11T03:59:18.189927776Z","timestamp_unix":1765425558,"event_type":"UserLogin","user_id":2,"regno":"trader001","name":"Test Trader One"}
{"seq":353,"timestamp":"2025-12-11T03:59:18.736480292Z","timestamp_unix":1765425558,"event_type":"UserLogin","user_id":1,"regno":"REG123","name":"Test Student"}
{"seq":354,"timestamp":"2025-12-11T03:59:19.312633637Z","timestamp_unix":1765425559,"event_type":"OrderPlaced","order_id":44,"user_id":2,"symbol":"RELIANCE","side":"Sell","order_type":"Limit","qty":105,"price":10000000000,"time_in_force":"GTC"}
{"seq":355,"timestamp":"2025-12-11T03:59:19.312668267Z","timestamp_unix":1765425559,"event_type":"OrderRejected","user_id":2,"symbol":"RELIANCE","side":"Sell","qty":105,"price":10000000000,"reason":"Insufficient shares: need 105, have 42"}
{"seq":356,"timestamp":"2025-12-11T03:59:19.841206473Z","timestamp_unix":1765425559,"event_type":"UserLogin","user_id":1,"regno":"REG123","name":"Test Student"}
{"seq":357,"timestamp":"2025-12-11T03:59:20.308722211Z","timestamp_unix":1765425560,"event_type":"UserLogin","user_id":2,"regno":"trader001","name":"Test Trader One"}
{"seq":358,"timestamp":"2025-12-11T03:59:21.314712642Z","timestamp_unix":1765425561,"event_type":"OrderPlaced","order_id":45,"user_id":1,"symbol":"RELIANCE","side":"Buy","order_type":"Limit","qty":105,"price":10000000000,"time_in_force":"GTC"}
{"seq":359,"timestamp":"2025-12-11T03:59:21.314739661Z","timestamp_unix":1765425561,"event_type":"OrderRejected","user_id":1,"symbol":"RELIANCE","side":"Buy","qty":105,"price":10000000000,"reason":"Insufficient funds: need 1050000000000, have 987400000"}
{"seq":360,"timestamp":"2025-12-11T03:59:21.844953214Z","timestamp_unix":1765425561,"event_type":"UserLogin","user_id":1,"regno":"REG123","name":"Test Student"}
{"seq":361,"timestamp":"2025-12-11T03:59:25.339617333Z","timestamp_unix":1765425565,"event_type":"UserLogin","user_id":2,"regno":"trader001","name":"Test Trader One"}
{"seq":362,"timestamp":"2025-12-11T03:59:26.849628111Z","timestamp_unix":1765425566,"event_type":"UserLogin","user_id":1,"regno":"REG123","name":"Test Student"}
{"seq":363,"timestamp":"2025-12-11T04:01:32.601882134Z","timestamp_unix":1765425692,"event_type":"UserLogin","user_id":100,"regno":"admin","name":"System Admin"}
{"seq":364,"timestamp":"2025-12-11T04:01:32.779212591Z","timestamp_unix":1765425692,"event_type":"UserLogin","user_id":100,"regno":"admin","name":"System Admin"}
{"seq":365,"timestamp":"2025-12-11T04:01:32.817720973Z","timestamp_unix":1765425692,"event_type":"UserLogin","user_id":100,"regno":"admin","name":"System Admin"}
{"seq":366,"timestamp":"2025-12-11T04:01:32.829499176Z","timestamp_unix":1765425692,"event_type":"UserLogin","user_id":100,"regno":"admin","name":"System Admin"}
{"seq":367,"timestamp":"2025-12-11T04:01:32.858056031Z","timestamp_unix":1765425692,"event_type":"UserLogin","user_id":100,"regno":"admin","name":"System Admin"}
{"seq":368,"timestamp":"2025-12-11T04:01:32.951794977Z","timestamp_unix":1765425692,"event_type":"UserLogin","user_id":100,"regno":"admin","name":"System Admin"}
{"seq":369,"timestamp":"2025-12-11T04:01:33.147644243Z","timestamp_unix":1765425693,"event_type":"UserLogin","user_id":100,"regno":"admin","name":"System Admin"}
{"seq":370,"timestamp":"2025-12-11T04:01:33.242103369Z","timestamp_unix":1765425693,"event_type":"UserLogin","user_id":100,"regno":"admin","name":"System Admin"}
{"seq":371,"timestamp":"2025-12-11T04:01:36.239531425Z","timestamp_unix":1765425696,"event_type":"UserLogin","user_id":100,"regno":"admin","name":"System Admin"}
{"seq":372,"timestamp":"2025-12-11T04:01:36.396438365Z","timestamp_unix":1765425696,"event_type":"UserLogin","user_id":100,"regno":"admin","name":"System Admin"}
{"seq":373,"timestamp":"2025-12-11T04:01:36.490017871Z","timestamp_unix":1765425696,"event_type":"UserLogin","user_id":100,"regno":"admin","name":"System Admin"}
